2468 4838
144 650 187 691 nx
552 629 610 691 DE
630 624 752 695 POESI

144 797 226 861 vitae
244 796 280 861 in
300 799 438 862 camnine
460 794 501 862 ad
515 795 728 875 Messalinum,
751 804 786 856 ut
808 796 895 858 nullo
919 806 1061 878 tempore
1081 794 1165 859 vitae

143 910 278 991 coningii
299 913 349 974 sui
370 910 555 987 felicitatem,
577 908 604 971 si
624 920 756 970 amasset
771 906 940 986 Neaeram,
961 908 1006 970 sio
1025 906 1167 990 potuetit

142 1027 304 1106 seiungere
333 1049 351 1087 a
379 1025 463 1089 ruris
490 1023 568 1088 otio.
617 1026 786 1086 Enimvero
816 1023 936 1084 clarum
964 1034 1010 1084 est
1038 1018 1166 1105 Lygda-

141 1158 228 1201 mum
255 1143 400 1219 ignorare
430 1159 525 1216 rura,
553 1137 721 1217 religiones
750 1147 899 1216 agrestes,
934 1133 1035 1198 Lares
1064 1135 1166 1199 auitos

141 1255 278 1335 praedii,
309 1275 367 1316 nec
398 1252 571 1337 quidquam
603 1254 713 1315 talium
741 1272 890 1315 sensuum
919 1253 953 1313 in
985 1270 1025 1314 eo
1056 1250 1166 1315 fuisse.

140 1371 185 1432 Ac
214 1390 286 1432 curn
314 1368 459 1430 Tibullus
488 1366 716 1448 simplicitatem
743 1366 827 1429 vitae
854 1376 1018 1446 tantopere
1047 1362 1165 1444 diligat,

139 1495 238 1546 tentat
258 1480 385 1567 quidem
407 1481 499 1542 etiam
519 1479 570 1541 hic
592 1479 690 1541 simile
712 1476 807 1569 quid,
835 1478 996 1541 affirmans
1021 1497 1055 1541 se
1083 1474 1165 1542 divi·

140 1596 198 1659 tiss
219 1604 418 1657 contemnere
439 1612 516 1673 prae
538 1610 644 1652 amore
673 1603 705 1653 et
731 1591 782 1654 vel
809 1603 1029 1673 paupertatem
1048 1591 1163 1669 iucun-

141 1706 212 1771 dam
233 1710 303 1771 lore
324 1728 396 1770 cum
408 1705 542 1783 Neaera,
563 1706 767 1768 nibilominus
787 1704 892 1769 tamen
912 1706 957 1769 ita
977 1709 1039 1770 sibi
1059 1710 1164 1790 placet

138 1825 172 1886 in
201 1822 464 1904 descriptionibus
493 1820 689 1902 opulentiae,
726 1821 886 1884 honorum
919 1835 993 1903 post
1027 1835 1164 1887 mortem

138 1959 366 2023 supremorsun‚
393 1937 467 1999 libri
486 1935 627 2001 Neaerae
648 1936 734 1998 missi
755 1938 867 2016 ornati,
887 1938 1014 2000 habitus
1037 1940 1163 2022 Apolli·

138 2050 192 2114 nei
207 2049 342 2133 pulchri,
362 2062 400 2112 ut
421 2050 589 2129 elegantiae
612 2060 643 2111 et
663 2050 908 2131 magnificentiae
922 2064 1037 2117 masma
1051 2074 1161 2117 aman.
1218 2108 1223 2117 ,

137 2179 201 2228 tem
222 2165 313 2227 facile
335 2183 498 2244 agnoscas,
519 2161 575 2245 qui
595 2173 700 2224 tamen
721 2162 762 2224 sd
783 2163 903 2227 Tibulli
922 2140 1109 2231 modestiam
1126 2186 1161 2231 ae

138 2289 367 2360 composuerat.
405 2274 569 2338 Postremo
583 2288 666 2337 reste
680 2276 836 2338 monitum
850 2288 897 2340 est
910 2275 1058 2341 ardorem
1072 2300 1161 2345 amo·

136 2392 181 2455 ris
204 2390 239 2451 in
259 2387 422 2473 Lygdamo
450 2390 542 2467 longe
563 2386 719 2449 minorem
749 2408 806 2449 nec
831 2388 1043 2453 Tibullinnam
1071 2391 1160 2455 illam

136 2506 201 2568 vim
223 2505 392 2566 affectuum
420 2505 472 2564 hic
501 2500 704 2582 deprehendi.
753 2499 848 2564 Unde
869 2504 986 2567 factum
1007 2517 1044 2569 ut
1064 2508 1159 2572 elium

136 2619 264 2701 querela
278 2614 431 2699 Lygdami
445 2611 592 2694 languida
609 2614 661 2690 sit,
682 2633 753 2676 cum
771 2614 855 2696 apud
871 2618 1033 2681 Tibullum
1049 2621 1158 2684 omnia

136 2750 270 2793 nervosa
298 2728 415 2793 rideas.
456 2729 541 2791 Haec
570 2729 730 2792 hactenus.
778 2731 869 2794 Patet
898 2752 939 2795 ex
966 2738 1158 2814 argumentis

136 2844 234 2905 allatis
254 2862 320 2904 non
341 2843 453 2904 haberi
474 2844 508 2904 in
530 2845 590 2903 hoc
610 2842 693 2904 libro
717 2863 838 2906 arnores
859 2845 1012 2929 quosdam
1026 2848 1158 2929 Tibulli,

137 2976 217 3037 quos
245 2967 340 3037 poeta
368 2958 427 3018 sub
457 2957 519 3017 alio
547 2958 674 3020 nomine
704 2959 859 3021 cecinerit.
908 2958 993 3036 Quid
1022 2984 1101 3027 vero
1129 2968 1159 3028 si

135 3068 225 3129 antici
249 3066 411 3131 cuiusdam
431 3087 537 3131 amore
559 3079 643 3131 casto
665 3067 882 3134 adumbrando
903 3073 1050 3138 Tibullus
1070 3077 1156 3158 lusit,

136 3192 169 3241 nt
190 3192 263 3262 post
283 3181 436 3263 vulpium
458 3183 622 3246 Huscbkio
643 3183 783 3267 placuit?
825 3189 892 3251 lam
912 3189 1047 3253 rusticae
1068 3192 1153 3256 vitae

134 3295 261 3357 ornissas
283 3295 391 3358 laudes
412 3297 456 3359 ita
477 3297 623 3378 explices,
644 3310 680 3359 ut
701 3300 837 3381 alienum
857 3302 897 3363 ab
918 3321 955 3362 ea
971 3300 1057 3365 dicas
1075 3307 1155 3367 ami-

134 3429 205 3470 cum
227 3409 331 3485 luisse,
352 3411 556 3493 similiterque
578 3411 720 3493 quaeda
742 3414 912 3494 elegantiae
933 3414 1039 3479 studio
1060 3430 1161 3482 nota·¹
1186 3460 1193 3471 ·

132 3520 232 3581 vinnm
271 3522 400 3603 aliisque
433 3527 576 3588 sensibus
613 3526 761 3608 disemis,
802 3527 850 3591 sd·
877 3551 914 3591 es
949 3530 1155 3613 respondeas,

131 3632 283 3716 Lygdami
303 3636 464 3715 ingenium
484 3663 651 3725 moresque
673 3663 848 3725 expressos.
890 3645 1006 3707 Melius
1020 3646 1065 3709 ita
1079 3668 1161 3731 pau.

131 3759 176 3810 tes
198 3760 264 3811 titas
286 3771 357 3829 agas
379 3771 473 3834 quam
495 3755 692 3836 Husclskius,
723 3758 778 3839 qui
800 3758 926 3819 nonnisi
945 3757 1049 3821 iutilia
1071 3772 1154 3824 sttu-

131 3862 167 3921 lit
186 3860 226 3922 ad
243 3863 425 3944 opinionem
446 3889 534 3931 stram
556 3871 773 3934 stabiliendam
794 3885 826 3933 ot
847 3892 928 3954 quae
948 3870 1079 3953 indigna
1099 3896 1153 3937 re·
1187 3898 1195 3913 ·

131 3972 283 4038 lactatione
305 3980 395 4040 seria.
439 3982 558 4043 Tamen
580 3984 658 4045 nibil
675 3983 806 4061 efficiam
825 3978 951 4046 obstant
965 3985 1027 4046 alia
1043 3990 1154 4051 multo.

131 4085 212 4147 Nam
236 4090 312 4170 quid
334 4106 380 4155 est
402 4095 488 4176 quod
510 4099 642 4161 varietas
665 4098 850 4175 affectuum,
871 4099 935 4175 vis,
964 4099 1057 4177 uigor
1078 4102 1152 4163 uni·

131 4219 238 4259 tersae
261 4205 448 4283 tractationis
472 4222 534 4270 tans
556 4208 711 4273 ‹lissimilis
725 4210 922 4273 'l'ibullianae
938 4210 1058 4274 rationi
1078 4236 1152 4275 ster·

132 4332 241 4391 rosae,
272 4328 302 4377 et
332 4334 436 4399 aperte
464 4325 569 4387 nrinor
597 4345 690 4407 quam
720 4327 754 4385 in
783 4324 918 4404 elegidiis
940 4326 1047 4408 quarti
1066 4326 1151 4403 libri,
