2468 4838
984 349 988 357 .

99 674 167 717 cuv
508 645 567 710 DE
588 640 710 713 PUESI

98 822 478 911 nibusfrsquentissims,
499 815 639 884 strides
661 834 746 879 nune
768 808 917 890 disticha,
945 830 1032 872 nunc
1054 830 1125 873 ver-

97 961 151 1006 sus
172 939 393 1016 distichorum,
421 952 506 996 nune
533 932 674 994 membra
696 948 847 992 versuum
868 926 929 988 hac
953 924 1057 1005 figura
1079 920 1126 984 di·

97 1053 209 1116 stincta
232 1070 384 1128 nereos03
415 1046 487 1109 talis
508 1044 601 1107 etiam
623 1044 746 1124 elegans
773 1040 808 1102 in
829 1049 1029 1123 pentametro
1051 1058 1126 1099 usus

100 1179 146 1231 est
166 1166 233 1230 hic:

225 1271 407 1357 Despiciam
428 1269 524 1350 dites,
555 1267 788 1352 despiciamque
808 1267 935 1329 famem.

224 1387 385 1452 Deficiunt
406 1398 503 1464 artes,
533 1382 745 1466 deficiuntque
767 1380 843 1444 doli.

226 1500 405 1582 cespitibus
422 1516 562 1573 mensas,
581 1494 816 1577 capitibusque
835 1504 954 1556 torum.

99 1626 161 1689 Sed
183 1624 374 1690 veniendum
395 1623 436 1686 ad
465 1626 603 1686 aliaest.
655 1621 802 1683 Vidimus
831 1640 925 1683 usum
947 1620 1126 1705 anaphoras

96 1741 132 1802 in
155 1738 377 1818 divisionibus,
395 1749 499 1818 potest
515 1756 592 1801 vero
613 1756 652 1798 ea
673 1734 767 1796 etiam
789 1740 816 1795 in
839 1734 1061 1818 amplificatione
1078 1755 1128 1816 per

98 1857 199 1916 similia
217 1855 323 1915 locum
342 1852 472 1927 habere,
494 1870 590 1932 quam
611 1847 686 1926 dixi,
709 1846 768 1911 ubi
789 1845 918 1911 additur
934 1846 1128 1931 antecedenti

99 1964 240 2028 eiusdem
262 1962 350 2047 quod
368 1950 411 2025 ¹sit
431 1962 615 2024 sententiae.
657 1960 709 2022 Sic
730 1963 764 2022 in
784 1961 865 2023 hoc:

184 2079 261 2142 Non
285 2097 342 2156 ego
363 2076 472 2139 firmus
495 2077 530 2138 in
553 2076 631 2152 hoc,
660 2092 726 2137 non
746 2074 824 2136 haec
847 2072 1003 2155 patientia
1022 2082 1130 2133 nostro

228 2191 372 2271 ingenio.
639 2180 642 2185 ’
823 2270 826 2275 ¹
956 2172 960 2177 ¹

102 2302 197 2382 Quod
219 2326 278 2386 per
293 2324 326 2366 se
348 2304 477 2366 clarum.
517 2301 615 2366 Aliud
636 2302 698 2365 boo
720 2312 784 2367 est:

188 2421 272 2482 Tum
293 2418 402 2481 caedes
423 2418 587 2481 hominum
611 2417 733 2498 generi,
760 2427 829 2478 tum
853 2412 978 2498 proelia
1000 2426 1091 2487 nata,

229 2533 313 2593 Tum
334 2531 464 2596 brevior
485 2528 572 2591 dirae
595 2502 705 2593 mortis
727 2541 837 2610 aperta
857 2527 910 2609 riti
932 2539 991 2591 est.

102 2660 311 2742 Perspicuum
334 2673 380 2723 est
402 2658 466 2724 non
484 2660 582 2724 dividi
604 2662 656 2723 iric
675 2674 775 2726 totum
795 2634 838 2724 in¹
852 2672 969 2743 partes,
990 2654 1049 2719 sed
1064 2677 1136 2718 cum

102 2771 213 2835 caedes
242 2770 329 2834 donri
355 2774 547 2856 militiaeque
568 2772 662 2852 fiant,
694 2786 768 2857 post
794 2772 974 2855 generalius
1001 2772 1136 2834 verbum

103 2898 261 2946 crescente
284 2885 398 2946 affectu
420 2886 585 2966 specialius
606 2889 707 2968 ponit,
729 2882 815 2971 quod
835 2886 1014 2947 maximum
1037 2904 1136 2965 genus

102 2993 205 3056 caedis
227 2993 377 3075 designet.
426 2996 592 3061 Postremo
614 3001 676 3061 alio
707 2994 803 3061 modo
823 3008 924 3060 totam
947 2998 1138 3059 sententiam

101 3102 209 3167 denuo
239 3105 342 3169 reddit
370 3122 568 3190 pentameter
595 3112 783 3193 generalius.
840 3107 905 3172 Sed
933 3111 1025 3173 iuvat
1054 3111 1139 3170 hunc

100 3238 304 3299 progressum
336 3219 516 3303 anaphorae
537 3245 622 3285 nuno
645 3246 663 3286 a
685 3222 876 3304 generaliori
897 3220 939 3283 ad
961 3224 1140 3304 specialius,

100 3351 186 3390 nunc
209 3354 229 3391 a
250 3332 378 3411 speciali
399 3331 439 3394 ad
452 3337 628 3412 generalius
646 3336 819 3398 notabilem
836 3334 990 3418 persequi
1009 3334 1141 3399 uberius

101 3442 268 3520 exemplis.
310 3442 406 3519 Igitur
423 3445 578 3506 sententia
592 3416 851 3539 generalior-“dier
863 3446 1142 3531 amplificationem

101 3552 280 3630 explicatur
301 3553 465 3630 specialius
486 3577 559 3617 cum
584 3559 749 3640 anaphora
770 3558 833 3623 sic:

185 3662 258 3741 Spes
280 3661 336 3720 alit
356 3663 524 3745 agricolas,
552 3670 624 3750 Spes·
645 3672 739 3733 sulcis
762 3666 980 3739 credis'urmis

231 3768 374 3850 Semina,
402 3794 484 3856 quae
504 3798 620 3860 magno
643 3782 776 3861 foenore
797 3780 910 3847 reddat
932 3805 1019 3864 ager.

186 3938 264 3997 Hire
283 3949 315 3997 et
335 3937 492 4004 femineus
517 3943 611 4011 labor
635 3962 694 4025 est,
721 3951 786 4011 bino
808 3972 908 4032 pensa
931 3952 1088 4033 colusque

228 4045 333 4107 Fusus
356 4061 390 4109 et
409 4055 560 4132 apposito
583 4063 698 4140 pollice
720 4075 824 4125 versat
849 4084 941 4144 opus.

97 4157 143 4323 A:
164 4159 300 4223 asiduus
328 4166 423 4229 stiam
453 4178 602 4253 specialis
631 4184 786 4247 sententia
814 4187 965 4266 pluribus
988 4157 1149 4257 membffli

98 4285 119 4323 ts
155 4288 216 4343 par
238 4283 302 4333 est:
