2468 4838
495 621 682 699 TlBllLLl,
960 651 1091 695 cxxxvu

152 798 241 861 Tum
263 793 387 860 veniam
409 795 533 879 cubito,
562 818 621 861 nee
641 797 810 882 quicquum
830 800 954 863 nuntiet
973 812 1060 878 ente,

198 910 265 974 sed
285 908 394 975 videar
416 913 504 975 caelo
526 911 641 975 miaaua
663 910 771 975 adesse
794 913 863 976 tibi.

67 1022 168 1088 Video
191 1022 467 1106 amplificationem
487 1002 762 1106 aimplicieaimam5
790 1038 854 1089 tam
876 1048 988 1107 perum
1009 1027 1093 1089 enim

68 1138 183 1200 ambae
208 1137 331 1199 fortune
359 1137 532 1200 sententiae
557 1139 710 1221 euiuaque
735 1136 886 1201 differunt
914 1140 958 1200 ut'
974 1140 1094 1201 eimilli·

68 1272 140 1314 mae
161 1251 239 1315 aiut.
279 1250 327 1312 Ae
348 1251 485 1329 grantae
498 1249 739 1334 reprehendunt
759 1254 865 1317 locum
885 1253 910 1324 1.
926 1260 957 1331 3,
972 1259 1029 1317 71:

156 1365 251 1427 Tunc
272 1364 361 1443 niger
382 1365 418 1426 in
439 1376 532 1446 porta
556 1378 738 1446 serpentum
763 1364 922 1428 Cerberon
944 1387 1001 1429 ore

197 1474 318 1537 Stridet
345 1488 377 1538 et
398 1489 520 1538 aeratae
540 1479 675 1541 excubat
700 1491 772 1540 ante
795 1480 897 1555 fores,

69 1584 126 1651 aed
155 1586 294 1664 iniuria,
333 1585 465 1653 docente
494 1588 730 1654 Commentario
761 1603 882 1655 nostru.
936 1589 1095 1652 Vitiosum

70 1699 168 1761 etiam
187 1699 240 1761 hic
263 1699 344 1763 nihil
365 1713 428 1779 eat,
449 1717 521 1764 'cum
543 1702 671 1765 minime
691 1701 827 1767 debilior
849 1705 890 1766 ait
909 1704 1097 1785 pentametri

71 1813 249 1892 contentia,
279 1824 311 1876 et
338 1815 507 1877 obacrvaro
534 1817 764 1897 aimplicitatem
790 1829 902 1898 poetae
931 1816 1098 1893 debebant,

73 1949 142 1991 non
174 1946 322 1992 accusare
354 1929 571 2009 negligentiam
583 1974 593 2009 ,
636 1951 717 2014 quae
752 1934 852 1994 nulla.
915 1930 1098 2012 Uaurpatun

73 2057 183 2109 autem
208 2043 304 2123 vulgo
328 2042 372 2104 ita
393 2045 434 2104 ab
461 2064 500 2105 eo
525 2065 593 2122 rea,
621 2057 657 2106 ut
679 2046 833 2108 sententia
854 2045 890 2108 in
913 2047 1097 2110 hexametro

74 2163 182 2246 poaita
201 2158 354 2225 reddatur
374 2160 443 2223 aliia
462 2161 570 2225 verbio
587 2162 622 2222 in
643 2173 859 2242 pentametr03
886 2173 988 2225 totum
1011 2163 1099 2225 dieti·

75 2278 160 2340 chon
188 2273 333 2337 additum
360 2270 455 2338 rideo
479 2273 524 2351 II,
547 2277 582 2351 5,
604 2277 657 2334 59.
681 2275 716 2335 in
743 2273 1001 2352 magnificentium
1032 2297 1099 2337 car-

75 2389 171 2451 mine.
222 2385 337 2469 Neque
359 2384 503 2449 invenias
527 2386 689 2447 Tibullum
715 2385 854 2468 propriis
881 2384 968 2468 quod
993 2388 1099 2449 verbio

77 2500 195 2565 dictum
226 2496 342 2562 deinde
372 2498 564 2580 amplificare
595 2499 743 2581 tropicis,
785 2501 884 2564 veluti
914 2503 1099 2584 Propertius

77 2614 152 2681 lacit
175 2612 271 2693 1,a,
293 2619 329 2676 3:

16 2735 24 2751 ·
162 2722 253 2804 Quid
272 2723 331 2788 tibi
351 2723 417 2803 via,
446 2719 582 2787 insane?
616 2743 703 2785 meae
727 2724 844 2787 sentire
864 2724 1016 2791 furores?

206 2837 340 2915 Infelix,
368 2855 522 2917 properae
548 2837 647 2898 olbiam
666 2858 745 2900 nosce
768 2840 862 2917 molo,

163 2950 205 3014 Ee
224 2955 308 3012 muer
326 2954 432 3027 ignotos
452 2954 565 3039 vestigio
577 2948 660 3029 serre
678 2971 731 3033 per
749 2955 842 3029 ignee,

209 3064 249 3125 m
269 3063 361 3125 bibere
383 3083 399 3125 e
420 3073 482 3124 teta
501 3067 599 3124 tonica
622 3063 777 3124 Thessalia.

81 3179 126 3241 Ac
156 3178 259 3239 aemcl
288 3187 412 3238 tantum
438 3176 612 3257 mythicum
644 3195 741 3253 genua
769 3172 1019 3254 amplificationis
1049 3171 1105 3236 ad·

83 3291 186 3354 hibuit
205 3289 242 3351 in
263 3288 522 3368 magnificentiori
544 3288 681 3349 carmine
703 3287 749 3364 11,
771 3289 808 3362 5,
830 3293 866 3348 7:

165 3401 234 3469 Sed
254 3400 372 3466 nitidus
394 3405 588 3486 pulcherque
610 3401 701 3467 veni:
731 3420 816 3463 nunc
837 3395 934 3461 indue
958 3409 1077 3462 vestem

213 3514 407 3597 Sepositam,
434 3519 543 3595 longae
567 3535 651 3576 nunc
677 3516 758 3577 bene
785 3525 873 3593 pecte
898 3530 1021 3589 eomas,

168 3631 295 3714 Quelou
313 3639 343 3691 ie
362 3639 518 3690 mouerunt
537 3630 662 3689 Saturno
680 3649 746 3705 rege
758 3625 865 3708 fiegaio

214 3744 323 3804 Victori
339 3742 440 3803 laudea
459 3745 627 3801 concinuisse
646 3742 714 3801 Iuei.

88 3854 203 3935 Qualia
235 3855 422 3938 exquisitior
449 3873 501 3915 ere
533 3865 625 3915 amat.
687 3850 819 3932 Saepius
849 3866 927 3912 vcro
958 3852 1110 3921 usurpate

90 3971 183 4035 Albio
204 3969 263 4032 itta
283 3969 388 4031 forma
410 3964 676 4049 amplificationis,
700 3964 757 4027 ubi
778 3959 916 4041 generali
940 3948 1110 4020 cententiee

15 4090 23 4113 ’·
91 4084 256 4149 aubiicitur
286 4079 429 4145 eiusdem
459 4078 625 4163 specialior
655 4074 847 4150 enuntiatio,
887 4084 942 4134 aut
972 4067 1111 4151 specialia

10 4184 23 4251 i
93 4196 246 4264 mutantia
272 4195 447 4260 abeolvitur
469 4190 656 4274 generaliori
683 4188 768 4253 idem
792 4187 917 4266 gramm
941 4192 1111 4266 repetente.

10 4330 31 4365 ¹
95 4311 140 4375 De
163 4332 229 4395 qua
253 4309 340 4371 inira
364 4305 465 4369 dicum
490 4307 523 4369 in
545 4307 616 4370 loco
642 4302 681 4367 tle
708 4301 887 4382 anaphora,
923 4317 1007 4360 nunc
1033 4291 1112 4356 nillil
