2468 4838
159 632 257 676 xottu
559 608 618 671 DE
643 605 766 674 toust

161 805 233 860 sua,
258 800 334 844 mox
356 778 483 842 suevius
503 797 570 841 sese
591 779 686 841 offert
707 775 882 856 custodem,
905 790 941 841 ut
962 799 1034 841 cum
1053 780 1187 844 maritus

161 917 286 962 servare
317 895 433 960 nesciat
463 897 549 958 bons
579 913 655 972 sua,
695 894 863 959 certissime
893 892 1104 959 excludantur
1131 898 1185 960 elii

162 1034 271 1078 omnes
298 1023 447 1076 amantes.
504 1011 607 1094 Atque
634 1012 713 1074 haec
740 1009 780 1075 de
807 1008 957 1076 custodia.
1012 1013 1080 1075 lem
1107 1032 1185 1078 sero

161 1128 305 1212 sequitur
331 1127 392 1188 alia
420 1144 512 1207 pars,
540 1143 660 1206 poenas
688 1127 834 1188 caelestes
856 1123 1025 1189 ostendens
1049 1127 1185 1207 puellas,

161 1240 302 1305 admixta
321 1254 425 1304 tamen
446 1240 541 1302 etiam
561 1240 684 1302 leniore
704 1239 924 1321 persuasione,
951 1259 1026 1301 nam
1045 1239 1183 1321 primunt

160 1358 309 1420 Bellonae
328 1358 436 1419 minax
458 1357 620 1417 oraculum
642 1367 802 1431 narratur,
827 1365 858 1415 et
876 1355 912 1415 in
932 1351 996 1416 fine
1014 1352 1184 1418 tnttdmrm

159 1472 328 1534 mulierum
355 1472 388 1532 in
417 1480 575 1532 senectute
602 1467 729 1530 miseria
755 1465 960 1544 describitur,
990 1465 1076 1529 inter
1101 1484 1183 1549 quos

158 1586 245 1647 iocos
265 1583 376 1645 tertius
396 1600 455 1663 per
473 1581 745 1663 interpositionem
765 1583 935 1644 collocatus
956 1590 1005 1643 est
1026 1580 1132 1644 lenior
1149 1592 1182 1643 et

158 1699 280 1775 mitior,
309 1695 366 1758 ubi
386 1695 466 1756 uam
486 1695 645 1758 remittere
669 1714 703 1755 se
727 1692 802 1756 dicit
823 1706 954 1775 propter
976 1707 1126 1772 matrem,
1151 1706 1181 1756 et

158 1813 219 1875 sibi
247 1810 341 1873 etiam
370 1829 494 1874 severas
521 1810 604 1890 leges
632 1809 799 1892 imponens
827 1810 871 1873 sic
900 1809 1042 1873 favorem
1069 1810 1181 1872 Deliae

50 1906 55 1915 ¹
159 1936 272 2006 captat,
313 1923 417 2005 Atque
443 1924 521 1984 haec
543 1924 640 1984 altera
663 1943 737 2004 pars
763 1936 819 1986 est.
859 1920 958 1985 Vides
982 1921 1182 2003 grandiorem

159 2036 432 2118 compositionem,
454 2047 490 2096 ut
509 2047 583 2097 sunt
600 2037 738 2099 carmina
754 2036 790 2098 in
805 2036 942 2099 Deliam.
981 2036 1090 2100 Prima
1107 2057 1181 2119 pars

157 2160 243 2210 tenet
264 2151 403 2210 animum
421 2144 525 2212 vivida
544 2146 752 2230 descriptione
770 2147 889 2213 fraudis
906 2162 938 2214 et
958 2152 1088 2230 artium,
1110 2151 1180 2234 qui·

157 2267 216 2325 bus
244 2262 355 2325 fefellit
380 2262 529 2325 maritum
556 2281 645 2324 amor
671 2260 867 2341 ingeniosus,
902 2262 1035 2345 cupidus
1059 2276 1181 2346 poetae,

158 2379 255 2440 altera
275 2389 373 2441 terret
392 2378 557 2440 severitate
578 2389 609 2438 et
629 2377 779 2456 gravitate
798 2399 922 2458 rerum;
948 2380 1046 2442 altera
1067 2380 1181 2445 iucun-

158 2488 245 2568 dior,
274 2492 371 2552 atters
395 2492 570 2553 sublimior.
622 2487 804 2573 Composita
826 2510 904 2557 rero
929 2493 1028 2573 prior,
1044 2490 1202 2569 duobus,

157 2605 316 2686 posterior
335 2604 435 2667 tribus
456 2604 546 2682 iocis,
567 2607 650 2668 clare
670 2604 821 2669 distinctu
826 2652 836 2687 ,
858 2619 889 2669 et
910 2619 1016 2668 tamen
1032 2605 1180 2671 facillime

158 2720 344 2783 coeuntibus
366 2719 399 2795 in
423 2717 556 2781 unitates
577 2738 660 2783 suas.
705 2719 752 2783 Ac
773 2719 872 2782 discas
891 2720 1052 2783 luculento
1073 2739 1180 2783 exem·

155 2837 228 2915 plo,
260 2832 338 2916 quid
364 2833 405 2896 sit
431 2846 515 2896 recte
544 2846 574 2896 et
602 2835 731 2918 pulchre
755 2832 902 2897 dividere.
951 2832 1069 2918 Neque
1095 2837 1178 2901 enim

156 2952 260 3011 solum
285 2947 400 3009 sentire
425 2945 520 3009 debes
544 2945 758 3026 gradationem
780 2943 914 3007 duarum
937 2947 1078 3028 partium
1097 2948 1179 3031 ipss-

156 3084 245 3141 rum,
275 3083 411 3146 quarum
440 3063 538 3124 altera
565 3075 728 3125 externam
753 3060 817 3125 vim
846 3057 1007 3124 custodiae
1034 3062 1180 3142 ostendit,

156 3183 254 3242 alters
280 3180 416 3260 penitius
443 3179 478 3240 in
504 3178 645 3242 animum
670 3180 793 3261 puellae
821 3190 1005 3259 penetrans,
1035 3182 1179 3245 sensibus

156 3294 303 3372 gravibus
324 3311 520 3357 commovere
544 3292 663 3370 studet,
694 3292 747 3355 sed
772 3294 865 3355 etiam
888 3293 1053 3374 propriam
1074 3291 1179 3363 etius·

155 3425 218 3486 que
240 3403 497 3484 compositionem
518 3415 554 3465 ut
574 3416 657 3465 recte
674 3404 842 3485 intelligas,
869 3404 1010 3468 attendas
1030 3427 1114 3490 opus
1134 3421 1179 3471 est

155 3517 219 3578 iilic
237 3514 277 3579 sd
295 3517 426 3596 figuram
442 3529 579 3580 mutatae
595 3520 782 3597 sententiae,
805 3518 856 3582 hic
875 3518 913 3581 ad
931 3520 1179 3604 interpositionis

155 3632 324 3713 pulchrum
350 3629 523 3693 artificium.
565 3631 659 3695 Nunc
685 3646 855 3716 postquem
881 3635 1010 3699 affectus
1034 3638 1181 3703 extremit

157 3745 313 3831 quidquid
325 3748 596 3811 hortamentorum
609 3750 752 3830 gravium
764 3751 798 3811 in
814 3763 973 3833 promptu,
988 3749 1067 3834 quid
1082 3760 1180 3817 restet

155 3857 334 3924 iaciendum
365 3880 460 3942 quam
491 3861 626 3943 simplex
655 3874 763 3924 votum
796 3862 832 3924 in
862 3861 968 3942 exitu,
1006 3875 1042 3927 ut
1072 3865 1180 3948 potius

157 3971 248 4036 duret
274 3975 326 4036 hic
354 3995 444 4037 emor
472 3988 652 4040 constanter
679 3976 719 4039 ad
747 3975 963 4041 senectutem?
1004 3981 1113 4063 Atque
1135 3985 1180 4045 ita

156 4089 284 4149 iactum.
296 4119 341 4136 -
380 4089 554 4153 Veniamus
576 4089 615 4151 ad
637 4110 762 4153 carmen
782 4092 807 4168 1,
823 4097 854 4154 5.
873 4089 960 4174 quod
984 4093 1181 4178 nasamon-

156 4202 311 4287 σίθυρον.
372 4206 477 4269 Grave
509 4204 671 4271 discidium
705 4220 810 4272 ortum
843 4222 928 4286 erat,
970 4229 1042 4271 cum
1074 4210 1182 4287 Delie,

157 4335 251 4395 quant
276 4316 391 4380 soriam
410 4320 492 4385 vitas
512 4341 588 4383 rure
610 4342 642 4383 se
664 4321 845 4384 habiturum
869 4334 1051 4404 speraverat
1075 4336 1182 4406 posta,
