<?xml version="1.0" encoding="UTF-8"?>
<!DOCTYPE html PUBLIC "-//W3C//DTD XHTML 1.0 Transitional//EN"
    "http://www.w3.org/TR/xhtml1/DTD/xhtml1-transitional.dtd">
<html xmlns="http://www.w3.org/1999/xhtml" xml:lang="en" lang="en">
 <head>
  <title>
</title>
<meta http-equiv="Content-Type" content="text/html;charset=utf-8" />
  <meta name='ocr-system' content='tesseract 3.04.00' />
  <meta name='ocr-capabilities' content='ocr_page ocr_carea ocr_par ocr_line ocrx_word'/>
</head>
<body>
  <div class='ocr_page' id='page_1' title='image "albiitibullicar00dissgoog_0055.png"; bbox 0 0 2468 4838; ppageno 0'>
   <div class='ocr_carea' id='block_1_1' title="bbox 127 596 735 666">
    <p class='ocr_par' dir='ltr' id='par_1_1' title="bbox 127 596 735 666">
     <span class='ocr_line' id='line_1_1' title="bbox 127 596 735 666; baseline 0.013 -10"><span class='ocrx_word' id='word_1_1' title='bbox 127 621 143 656; x_wconf 88' lang='grc' dir='ltr'>ι</span> <span class='ocrx_word' id='word_1_2' title='bbox 536 599 594 662; x_wconf 86' lang='lat' dir='ltr'><strong>DE</strong></span> <span class='ocrx_word' id='word_1_3' title='bbox 615 596 735 666; x_wconf 73' lang='lat' dir='ltr'><strong>ronst</strong></span> 
     </span>
    </p>
   </div>
   <div class='ocr_carea' id='block_1_2' title="bbox 117 773 1148 2353">
    <p class='ocr_par' dir='ltr' id='par_1_2' title="bbox 117 773 1148 2353">
     <span class='ocr_line' id='line_1_2' title="bbox 127 773 1145 865; baseline 0.011 -31"><span class='ocrx_word' id='word_1_4' title='bbox 127 776 199 860; x_wconf 86' lang='lat' dir='ltr'><strong>quis</strong></span> <span class='ocrx_word' id='word_1_5' title='bbox 230 773 352 836; x_wconf 81' lang='lat' dir='ltr'><strong>dubitet</strong></span> <span class='ocrx_word' id='word_1_6' title='bbox 380 774 525 838; x_wconf 83' lang='lat' dir='ltr'><strong>lasciviae</strong></span> <span class='ocrx_word' id='word_1_7' title='bbox 560 777 694 840; x_wconf 84' lang='lat' dir='ltr'><strong>multum</strong></span> <span class='ocrx_word' id='word_1_8' title='bbox 724 778 820 841; x_wconf 74' lang='lat' dir='ltr'><strong>tunae</strong></span> <span class='ocrx_word' id='word_1_9' title='bbox 849 779 945 842; x_wconf 83' lang='lat' dir='ltr'><strong>etism</strong></span> <span class='ocrx_word' id='word_1_10' title='bbox 965 782 1006 853; x_wconf 74' lang='lat' dir='ltr'><strong>,in</strong></span> <span class='ocrx_word' id='word_1_11' title='bbox 1035 796 1145 865; x_wconf 80' lang='lat' dir='ltr'><strong>postne</strong></span> 
     </span>
     <span class='ocr_line' id='line_1_3' title="bbox 126 888 1148 977; baseline 0.01 -25"><span class='ocrx_word' id='word_1_12' title='bbox 126 910 200 952; x_wconf 88' lang='lat' dir='ltr'><strong>cnm</strong></span> <span class='ocrx_word' id='word_1_13' title='bbox 219 888 347 951; x_wconf 84' lang='lat' dir='ltr'><strong>Nemeai</strong></span> <span class='ocrx_word' id='word_1_14' title='bbox 365 908 438 951; x_wconf 85' lang='lat' dir='ltr'><strong>usn.</strong></span> <span class='ocrx_word' id='word_1_15' title='bbox 485 890 631 953; x_wconf 84' lang='lat' dir='ltr'><strong>Proiecto</strong></span> <span class='ocrx_word' id='word_1_16' title='bbox 654 888 857 973; x_wconf 86' lang='lat' dir='ltr'><strong>deplorabilis</strong></span> <span class='ocrx_word' id='word_1_17' title='bbox 877 891 1031 961; x_wconf 82' lang='lat' dir='ltr'><strong>dicendus</strong></span> <span class='ocrx_word' id='word_1_18' title='bbox 1051 918 1148 977; x_wconf 86' lang='lat' dir='ltr'><strong>amor,</strong></span> 
     </span>
     <span class='ocr_line' id='line_1_4' title="bbox 117 1004 1146 1097; baseline 0.01 -31"><span class='ocrx_word' id='word_1_19' title='bbox 117 1006 183 1088; x_wconf 81' lang='lat' dir='ltr'><strong>‘qni</strong></span> <span class='ocrx_word' id='word_1_20' title='bbox 210 1005 351 1087; x_wconf 83' lang='lat' dir='ltr'><strong>corporis</strong></span> <span class='ocrx_word' id='word_1_21' title='bbox 380 1004 540 1089; x_wconf 85' lang='lat' dir='ltr'><strong>animique</strong></span> <span class='ocrx_word' id='word_1_22' title='bbox 567 1005 651 1070; x_wconf 76' lang='lat' dir='ltr'><strong>vires</strong></span> <span class='ocrx_word' id='word_1_23' title='bbox 683 1005 800 1088; x_wconf 85' lang='lat' dir='ltr'><strong>pariter</strong></span> <span class='ocrx_word' id='word_1_24' title='bbox 830 1010 860 1072; x_wconf 87' lang='lat' dir='ltr'><strong>si</strong></span> <span class='ocrx_word' id='word_1_25' title='bbox 888 1010 993 1090; x_wconf 74' lang='lat' dir='ltr'><strong>fregit.</strong></span> <span class='ocrx_word' id='word_1_26' title='bbox 1043 1006 1146 1097; x_wconf 64' lang='lat' dir='ltr'><strong>seps</strong></span> 
     </span>
     <span class='ocr_line' id='line_1_5' title="bbox 125 1116 867 1202; baseline 0.005 -22"><span class='ocrx_word' id='word_1_27' title='bbox 125 1119 222 1180; x_wconf 86' lang='lat' dir='ltr'><strong>animi</strong></span> <span class='ocrx_word' id='word_1_28' title='bbox 242 1138 408 1181; x_wconf 82' lang='lat' dir='ltr'><strong>asnsmnaa</strong></span> <span class='ocrx_word' id='word_1_29' title='bbox 427 1139 506 1202; x_wconf 87' lang='lat' dir='ltr'><strong>quas</strong></span> <span class='ocrx_word' id='word_1_30' title='bbox 527 1116 649 1199; x_wconf 84' lang='lat' dir='ltr'><strong>mlerit,</strong></span> <span class='ocrx_word' id='word_1_31' title='bbox 669 1120 742 1182; x_wconf 84' lang='lat' dir='ltr'><strong>hinc</strong></span> <span class='ocrx_word' id='word_1_32' title='bbox 765 1118 867 1185; x_wconf 84' lang='lat' dir='ltr'><strong>disce:</strong></span> 
     </span>
     <span class='ocr_line' id='line_1_6' title="bbox 210 1232 937 1317; baseline -0.003 -16"><span class='ocrx_word' id='word_1_33' title='bbox 210 1232 240 1301; x_wconf 94' lang='grc'><strong>0</strong></span> <span class='ocrx_word' id='word_1_34' title='bbox 262 1255 320 1316; x_wconf 84' lang='lat' dir='ltr'><strong>ego</strong></span> <span class='ocrx_word' id='word_1_35' title='bbox 340 1257 382 1298; x_wconf 89' lang='lat' dir='ltr'><strong>ne</strong></span> <span class='ocrx_word' id='word_1_36' title='bbox 402 1237 519 1317; x_wconf 85' lang='lat' dir='ltr'><strong>possim</strong></span> <span class='ocrx_word' id='word_1_37' title='bbox 540 1248 643 1299; x_wconf 86' lang='lat' dir='ltr'><strong>tantos</strong></span> <span class='ocrx_word' id='word_1_38' title='bbox 664 1235 781 1298; x_wconf 87' lang='lat' dir='ltr'><strong>sentire</strong></span> <span class='ocrx_word' id='word_1_39' title='bbox 802 1234 937 1315; x_wconf 83' lang='lat' dir='ltr'><strong>dolores,</strong></span> 
     </span>
     <span class='ocr_line' id='line_1_7' title="bbox 252 1346 1067 1433; baseline 0.004 -23"><span class='ocrx_word' id='word_1_40' title='bbox 252 1346 354 1424; x_wconf 84' lang='lat' dir='ltr'><strong>Quam</strong></span> <span class='ocrx_word' id='word_1_41' title='bbox 376 1350 499 1410; x_wconf 86' lang='lat' dir='ltr'><strong>mallem</strong></span> <span class='ocrx_word' id='word_1_42' title='bbox 521 1348 555 1409; x_wconf 89' lang='lat' dir='ltr'><strong>in</strong></span> <span class='ocrx_word' id='word_1_43' title='bbox 575 1346 685 1428; x_wconf 74' lang='lat' dir='ltr'><strong>gelidis</strong></span> <span class='ocrx_word' id='word_1_44' title='bbox 706 1348 867 1411; x_wconf 88' lang='lat' dir='ltr'><strong>montibus</strong></span> <span class='ocrx_word' id='word_1_45' title='bbox 887 1368 956 1413; x_wconf 84' lang='lat' dir='ltr'><strong>essa</strong></span> <span class='ocrx_word' id='word_1_46' title='bbox 976 1350 1067 1433; x_wconf 75' lang='lat' dir='ltr'><strong>inpia,</strong></span> 
     </span>
     <span class='ocr_line' id='line_1_8' title="bbox 209 1460 923 1540; baseline -0.004 -14"><span class='ocrx_word' id='word_1_47' title='bbox 209 1462 299 1527; x_wconf 82' lang='lat' dir='ltr'><strong>Stare</strong></span> <span class='ocrx_word' id='word_1_48' title='bbox 319 1464 372 1525; x_wconf 77' lang='lat' dir='ltr'><strong>uel</strong></span> <span class='ocrx_word' id='word_1_49' title='bbox 389 1462 507 1525; x_wconf 84' lang='lat' dir='ltr'><strong>insanis</strong></span> <span class='ocrx_word' id='word_1_50' title='bbox 527 1475 632 1525; x_wconf 86' lang='lat' dir='ltr'><strong>cantes</strong></span> <span class='ocrx_word' id='word_1_51' title='bbox 650 1460 791 1529; x_wconf 87' lang='lat' dir='ltr'><strong>obnoxia</strong></span> <span class='ocrx_word' id='word_1_52' title='bbox 810 1461 923 1540; x_wconf 83' lang='lat' dir='ltr'><strong>ventis,</strong></span> 
     </span>
     <span class='ocr_line' id='line_1_9' title="bbox 249 1573 1039 1660; baseline 0.005 -24"><span class='ocrx_word' id='word_1_53' title='bbox 249 1573 412 1656; x_wconf 83' lang='lat' dir='ltr'><strong>Naufraga</strong></span> <span class='ocrx_word' id='word_1_54' title='bbox 433 1598 528 1660; x_wconf 86' lang='lat' dir='ltr'><strong>quant</strong></span> <span class='ocrx_word' id='word_1_55' title='bbox 547 1577 627 1642; x_wconf 80' lang='lat' dir='ltr'><strong>vasti</strong></span> <span class='ocrx_word' id='word_1_56' title='bbox 650 1575 797 1641; x_wconf 85' lang='lat' dir='ltr'><strong>tunderet</strong></span> <span class='ocrx_word' id='word_1_57' title='bbox 817 1575 904 1640; x_wconf 76' lang='grc' dir='ltr'>ιιιιᾶι</span> <span class='ocrx_word' id='word_1_58' title='bbox 925 1573 1039 1641; x_wconf 79' lang='lat' dir='ltr'><strong>matis!</strong></span> 
     </span>
     <span class='ocr_line' id='line_1_10' title="bbox 204 1687 1108 1768; baseline 0.002 -17"><span class='ocrx_word' id='word_1_59' title='bbox 204 1687 299 1751; x_wconf 87' lang='lat' dir='ltr'><strong>Nunc</strong></span> <span class='ocrx_word' id='word_1_60' title='bbox 319 1701 352 1752; x_wconf 89' lang='lat' dir='ltr'><strong>et</strong></span> <span class='ocrx_word' id='word_1_61' title='bbox 371 1711 478 1752; x_wconf 86' lang='lat' dir='ltr'><strong>amara</strong></span> <span class='ocrx_word' id='word_1_62' title='bbox 498 1688 564 1754; x_wconf 83' lang='lat' dir='ltr'><strong>dies</strong></span> <span class='ocrx_word' id='word_1_63' title='bbox 586 1702 618 1753; x_wconf 87' lang='lat' dir='ltr'><strong>et</strong></span> <span class='ocrx_word' id='word_1_64' title='bbox 635 1687 737 1754; x_wconf 85' lang='lat' dir='ltr'><strong>noctis</strong></span> <span class='ocrx_word' id='word_1_65' title='bbox 759 1691 897 1753; x_wconf 85' lang='lat' dir='ltr'><strong>amarior</strong></span> <span class='ocrx_word' id='word_1_66' title='bbox 916 1690 1030 1752; x_wconf 85' lang='lat' dir='ltr'><strong>umbra</strong></span> <span class='ocrx_word' id='word_1_67' title='bbox 1050 1703 1108 1768; x_wconf 84' lang='lat' dir='ltr'><strong>eat,</strong></span> 
     </span>
     <span class='ocr_line' id='line_1_11' title="bbox 248 1800 980 1887; baseline -0.005 -20"><span class='ocrx_word' id='word_1_68' title='bbox 248 1801 363 1867; x_wconf 88' lang='lat' dir='ltr'><strong>Omnis</strong></span> <span class='ocrx_word' id='word_1_69' title='bbox 386 1825 460 1867; x_wconf 88' lang='lat' dir='ltr'><strong>nam</strong></span> <span class='ocrx_word' id='word_1_70' title='bbox 481 1805 562 1867; x_wconf 87' lang='lat' dir='ltr'><strong>tristi</strong></span> <span class='ocrx_word' id='word_1_71' title='bbox 581 1815 725 1887; x_wconf 85' lang='lat' dir='ltr'><strong>tempora</strong></span> <span class='ocrx_word' id='word_1_72' title='bbox 745 1804 819 1866; x_wconf 82' lang='lat' dir='ltr'><strong>selle</strong></span> <span class='ocrx_word' id='word_1_73' title='bbox 840 1800 980 1865; x_wconf 82' lang='lat' dir='ltr'><strong>madent.</strong></span> 
     </span>
     <span class='ocr_line' id='line_1_12' title="bbox 118 1917 1139 1999; baseline -0.003 -18"><span class='ocrx_word' id='word_1_74' title='bbox 118 1918 312 1982; x_wconf 77' lang='lat' dir='ltr'><strong>Accenderat</strong></span> <span class='ocrx_word' id='word_1_75' title='bbox 330 1919 490 1999; x_wconf 81' lang='lat' dir='ltr'><strong>Nemesis,</strong></span> <span class='ocrx_word' id='word_1_76' title='bbox 518 1933 554 1984; x_wconf 92' lang='lat' dir='ltr'><strong>ut</strong></span> <span class='ocrx_word' id='word_1_77' title='bbox 572 1919 712 1999; x_wconf 84' lang='lat' dir='ltr'><strong>videtur,</strong></span> <span class='ocrx_word' id='word_1_78' title='bbox 733 1918 851 1982; x_wconf 83' lang='lat' dir='ltr'><strong>callidio</strong></span> <span class='ocrx_word' id='word_1_79' title='bbox 871 1938 957 1980; x_wconf 89' lang='lat' dir='ltr'><strong>nunc</strong></span> <span class='ocrx_word' id='word_1_80' title='bbox 976 1917 1139 1998; x_wconf 85' lang='lat' dir='ltr'><strong>promissis</strong></span> 
     </span>
     <span class='ocr_line' id='line_1_13' title="bbox 118 2033 1138 2118; baseline 0 -23"><span class='ocrx_word' id='word_1_81' title='bbox 118 2057 203 2098; x_wconf 91' lang='lat' dir='ltr'><strong>nnnc</strong></span> <span class='ocrx_word' id='word_1_82' title='bbox 225 2036 443 2118; x_wconf 72' lang='lat' dir='ltr'>negationibus</span> <span class='ocrx_word' id='word_1_83' title='bbox 472 2035 513 2099; x_wconf 87' lang='lat' dir='ltr'><strong>sd</strong></span> <span class='ocrx_word' id='word_1_84' title='bbox 541 2050 660 2102; x_wconf 87' lang='lat' dir='ltr'><strong>tantam</strong></span> <span class='ocrx_word' id='word_1_85' title='bbox 686 2036 750 2102; x_wconf 84' lang='lat' dir='ltr'><strong>vim</strong></span> <span class='ocrx_word' id='word_1_86' title='bbox 776 2046 886 2118; x_wconf 87' lang='lat' dir='ltr'><strong>poetae</strong></span> <span class='ocrx_word' id='word_1_87' title='bbox 909 2033 999 2115; x_wconf 76' lang='lat' dir='ltr'><strong>ignes</strong></span> <span class='ocrx_word' id='word_1_88' title='bbox 1019 2047 1057 2097; x_wconf 89' lang='lat' dir='ltr'><strong>nt</strong></span> <span class='ocrx_word' id='word_1_89' title='bbox 1081 2054 1138 2095; x_wconf 87' lang='lat' dir='ltr'><strong>nec</strong></span> 
     </span>
     <span class='ocr_line' id='line_1_14' title="bbox 117 2149 360 2233; baseline 0.021 -25"><span class='ocrx_word' id='word_1_90' title='bbox 117 2149 225 2229; x_wconf 82' lang='lat' dir='ltr'><strong>fogere</strong></span> <span class='ocrx_word' id='word_1_91' title='bbox 245 2161 360 2233; x_wconf 75' lang='lat' dir='ltr'><strong>posset,</strong></span> 
     </span>
     <span class='ocr_line' id='line_1_15' title="bbox 200 2263 1053 2353; baseline -0.005 -22"><span class='ocrx_word' id='word_1_92' title='bbox 200 2266 308 2331; x_wconf 85' lang='lat' dir='ltr'><strong>luravi</strong></span> <span class='ocrx_word' id='word_1_93' title='bbox 329 2266 474 2353; x_wconf 86' lang='lat' dir='ltr'><strong>quotiens</strong></span> <span class='ocrx_word' id='word_1_94' title='bbox 493 2265 668 2331; x_wconf 85' lang='lat' dir='ltr'><strong>rediturum</strong></span> <span class='ocrx_word' id='word_1_95' title='bbox 689 2263 729 2327; x_wconf 87' lang='lat' dir='ltr'><strong>ad</strong></span> <span class='ocrx_word' id='word_1_96' title='bbox 749 2265 857 2328; x_wconf 86' lang='lat' dir='ltr'><strong>limina</strong></span> <span class='ocrx_word' id='word_1_97' title='bbox 877 2285 1053 2349; x_wconf 79' lang='lat' dir='ltr'><strong>nunquam,</strong></span> 
     </span>
    </p>
   </div>
   <div class='ocr_carea' id='block_1_3' title="bbox 115 2378 1137 2571">
    <p class='ocr_par' dir='ltr' id='par_1_3' title="bbox 115 2378 1137 2571">
     <span class='ocr_line' id='line_1_16' title="bbox 246 2378 953 2460; baseline -0.013 -13"><span class='ocrx_word' id='word_1_98' title='bbox 246 2383 327 2447; x_wconf 86' lang='lat' dir='ltr'><strong>Cum</strong></span> <span class='ocrx_word' id='word_1_99' title='bbox 347 2385 428 2445; x_wconf 91' lang='lat' dir='ltr'><strong>bene</strong></span> <span class='ocrx_word' id='word_1_100' title='bbox 448 2383 551 2444; x_wconf 83' lang='lat' dir='ltr'><strong>iuravi</strong></span> <span class='ocrx_word' id='word_1_101' title='bbox 573 2401 628 2460; x_wconf 88' lang='lat' dir='ltr'><strong>pes</strong></span> <span class='ocrx_word' id='word_1_102' title='bbox 649 2393 753 2440; x_wconf 86' lang='lat' dir='ltr'><strong>tamen</strong></span> <span class='ocrx_word' id='word_1_103' title='bbox 774 2380 842 2460; x_wconf 87' lang='lat' dir='ltr'><strong>ipso</strong></span> <span class='ocrx_word' id='word_1_104' title='bbox 862 2378 953 2453; x_wconf 88' lang='lat' dir='ltr'><strong>redit,</strong></span> 
     </span>
     <span class='ocr_line' id='line_1_17' title="bbox 115 2485 1137 2571; baseline -0.001 -16"><span class='ocrx_word' id='word_1_105' title='bbox 115 2515 173 2555; x_wconf 92' lang='lat' dir='ltr'><strong>nec</strong></span> <span class='ocrx_word' id='word_1_106' title='bbox 195 2495 256 2555; x_wconf 89' lang='lat' dir='ltr'><strong>aiio</strong></span> <span class='ocrx_word' id='word_1_107' title='bbox 278 2491 372 2555; x_wconf 89' lang='lat' dir='ltr'><strong>modo</strong></span> <span class='ocrx_word' id='word_1_108' title='bbox 396 2491 495 2553; x_wconf 88' lang='lat' dir='ltr'><strong>obniti</strong></span> <span class='ocrx_word' id='word_1_109' title='bbox 516 2489 589 2548; x_wconf 90' lang='lat' dir='ltr'><strong>huic</strong></span> <span class='ocrx_word' id='word_1_110' title='bbox 614 2486 739 2547; x_wconf 83' lang='lat' dir='ltr'><strong>affectui</strong></span> <span class='ocrx_word' id='word_1_111' title='bbox 768 2498 800 2547; x_wconf 89' lang='lat' dir='ltr'><strong>et</strong></span> <span class='ocrx_word' id='word_1_112' title='bbox 819 2485 995 2567; x_wconf 82' lang='lat' dir='ltr'>deprimere</span> <span class='ocrx_word' id='word_1_113' title='bbox 1018 2490 1137 2571; x_wconf 81' lang='lat' dir='ltr'><strong>cogita·</strong></span> 
     </span>
    </p>
   </div>
   <div class='ocr_carea' id='block_1_4' title="bbox 99 2597 1181 4398">
    <p class='ocr_par' dir='ltr' id='par_1_4' title="bbox 99 2597 1181 4398">
     <span class='ocr_line' id='line_1_18' title="bbox 113 2597 1177 2686; baseline 0.004 -21"><span class='ocrx_word' id='word_1_114' title='bbox 113 2604 232 2667; x_wconf 89' lang='lat' dir='ltr'><strong>tionem</strong></span> <span class='ocrx_word' id='word_1_115' title='bbox 247 2606 381 2686; x_wconf 86' lang='lat' dir='ltr'><strong>puellae.</strong></span> <span class='ocrx_word' id='word_1_116' title='bbox 422 2598 573 2664; x_wconf 88' lang='lat' dir='ltr'><strong>Nondum</strong></span> <span class='ocrx_word' id='word_1_117' title='bbox 595 2597 635 2662; x_wconf 89' lang='lat' dir='ltr'><strong>ad</strong></span> <span class='ocrx_word' id='word_1_118' title='bbox 656 2620 812 2664; x_wconf 86' lang='lat' dir='ltr'><strong>summum</strong></span> <span class='ocrx_word' id='word_1_119' title='bbox 832 2614 972 2665; x_wconf 83' lang='lat' dir='ltr'><strong>creverat</strong></span> <span class='ocrx_word' id='word_1_120' title='bbox 993 2609 1137 2685; x_wconf 78' lang='lat' dir='ltr'><strong>morbus,</strong></span> <span class='ocrx_word' id='word_1_121' title='bbox 1168 2654 1177 2673; x_wconf 87' lang='lat'><strong>.</strong></span> 
     </span>
     <span class='ocr_line' id='line_1_19' title="bbox 113 2712 1136 2799; baseline 0.001 -18"><span class='ocrx_word' id='word_1_122' title='bbox 113 2741 185 2781; x_wconf 89' lang='lat' dir='ltr'><strong>cnm</strong></span> <span class='ocrx_word' id='word_1_123' title='bbox 210 2719 337 2799; x_wconf 79' lang='lat' dir='ltr'><strong>elegiam</strong></span> <span class='ocrx_word' id='word_1_124' title='bbox 359 2716 482 2778; x_wconf 82' lang='lat' dir='ltr'><strong>tertiam</strong></span> <span class='ocrx_word' id='word_1_125' title='bbox 507 2715 675 2791; x_wconf 78' lang='lat' dir='ltr'><strong>scriberet,</strong></span> <span class='ocrx_word' id='word_1_126' title='bbox 705 2714 839 2777; x_wconf 83' lang='lat' dir='ltr'><strong>necdum</strong></span> <span class='ocrx_word' id='word_1_127' title='bbox 863 2712 971 2796; x_wconf 84' lang='lat' dir='ltr'>prodit</span> <span class='ocrx_word' id='word_1_128' title='bbox 993 2716 1042 2779; x_wconf 91' lang='lat' dir='ltr'><strong>ibi</strong></span> <span class='ocrx_word' id='word_1_129' title='bbox 1063 2731 1136 2782; x_wconf 86' lang='lat' dir='ltr'><strong>tan·</strong></span> 
     </span>
     <span class='ocr_line' id='line_1_20' title="bbox 112 2826 1135 2910; baseline 0.006 -19"><span class='ocrx_word' id='word_1_130' title='bbox 112 2842 177 2892; x_wconf 89' lang='lat' dir='ltr'><strong>tum</strong></span> <span class='ocrx_word' id='word_1_131' title='bbox 194 2847 379 2906; x_wconf 85' lang='lat' dir='ltr'><strong>moerorem,</strong></span> <span class='ocrx_word' id='word_1_132' title='bbox 402 2836 555 2910; x_wconf 83' lang='lat' dir='ltr'><strong>quamum</strong></span> <span class='ocrx_word' id='word_1_133' title='bbox 574 2826 608 2886; x_wconf 93' lang='lat' dir='ltr'><strong>in</strong></span> <span class='ocrx_word' id='word_1_134' title='bbox 627 2829 847 2909; x_wconf 89' lang='lat' dir='ltr'><strong>sequentibus:</strong></span> <span class='ocrx_word' id='word_1_135' title='bbox 869 2828 966 2892; x_wconf 90' lang='lat' dir='ltr'><strong>immo</strong></span> <span class='ocrx_word' id='word_1_136' title='bbox 982 2831 1135 2897; x_wconf 77' lang='lat' dir='ltr'><strong>liberiore</strong></span> 
     </span>
     <span class='ocr_line' id='line_1_21' title="bbox 109 2936 1132 3030; baseline 0.005 -26"><span class='ocrx_word' id='word_1_137' title='bbox 109 2941 217 3004; x_wconf 81' lang='lat' dir='ltr'><strong>volatu</strong></span> <span class='ocrx_word' id='word_1_138' title='bbox 238 2939 418 3020; x_wconf 68' lang='lat' dir='ltr'><strong>phantasiae</strong></span> <span class='ocrx_word' id='word_1_139' title='bbox 442 2936 482 3000; x_wconf 90' lang='lat' dir='ltr'><strong>ad</strong></span> <span class='ocrx_word' id='word_1_140' title='bbox 502 2937 639 3021; x_wconf 80' lang='lat' dir='ltr'><strong>mythice</strong></span> <span class='ocrx_word' id='word_1_141' title='bbox 656 2937 738 3001; x_wconf 89' lang='lat' dir='ltr'><strong>redit</strong></span> <span class='ocrx_word' id='word_1_142' title='bbox 760 2941 846 3003; x_wconf 84' lang='lat' dir='ltr'><strong>etin</strong></span> <span class='ocrx_word' id='word_1_143' title='bbox 868 2941 980 3005; x_wconf 91' lang='lat' dir='ltr'><strong>talium</strong></span> <span class='ocrx_word' id='word_1_144' title='bbox 1002 2964 1132 3030; x_wconf 87' lang='lat' dir='ltr'><strong>quoque</strong></span> 
     </span>
     <span class='ocr_line' id='line_1_22' title="bbox 107 3051 1132 3134; baseline 0.007 -18"><span class='ocrx_word' id='word_1_145' title='bbox 107 3074 216 3117; x_wconf 86' lang='lat' dir='ltr'><strong>rerum</strong></span> <span class='ocrx_word' id='word_1_146' title='bbox 243 3051 505 3134; x_wconf 78' lang='lat' dir='ltr'><strong>contemplatione</strong></span> <span class='ocrx_word' id='word_1_147' title='bbox 534 3065 619 3117; x_wconf 88' lang='lat' dir='ltr'><strong>tenet</strong></span> <span class='ocrx_word' id='word_1_148' title='bbox 652 3052 801 3117; x_wconf 76' lang='lat' dir='ltr'><strong>mimum.</strong></span> <span class='ocrx_word' id='word_1_149' title='bbox 851 3054 953 3119; x_wconf 84' lang='lat' dir='ltr'><strong>Simul</strong></span> <span class='ocrx_word' id='word_1_150' title='bbox 982 3058 1132 3123; x_wconf 86' lang='lat' dir='ltr'><strong>ultimum</strong></span> 
     </span>
     <span class='ocr_line' id='line_1_23' title="bbox 108 3168 1131 3251; baseline 0.01 -22"><span class='ocrx_word' id='word_1_151' title='bbox 108 3169 169 3229; x_wconf 87' lang='lat' dir='ltr'><strong>hoc</strong></span> <span class='ocrx_word' id='word_1_152' title='bbox 191 3188 317 3233; x_wconf 86' lang='lat' dir='ltr'><strong>carmen</strong></span> <span class='ocrx_word' id='word_1_153' title='bbox 338 3180 384 3230; x_wconf 85' lang='lat' dir='ltr'><strong>est</strong></span> <span class='ocrx_word' id='word_1_154' title='bbox 407 3168 462 3230; x_wconf 89' lang='lat' dir='ltr'><strong>ubi</strong></span> <span class='ocrx_word' id='word_1_155' title='bbox 482 3171 631 3233; x_wconf 75' lang='lat' dir='ltr'><strong>rusticam</strong></span> <span class='ocrx_word' id='word_1_156' title='bbox 655 3171 752 3234; x_wconf 79' lang='lat' dir='ltr'><strong>vitam</strong></span> <span class='ocrx_word' id='word_1_157' title='bbox 773 3183 805 3234; x_wconf 88' lang='lat' dir='ltr'><strong>et</strong></span> <span class='ocrx_word' id='word_1_158' title='bbox 826 3190 948 3235; x_wconf 80' lang='lat' dir='ltr'><strong>amores</strong></span> <span class='ocrx_word' id='word_1_159' title='bbox 968 3191 1060 3251; x_wconf 81' lang='lat' dir='ltr'><strong>suos,</strong></span> <span class='ocrx_word' id='word_1_160' title='bbox 1089 3178 1131 3239; x_wconf 89' lang='lat' dir='ltr'><strong>li-</strong></span> 
     </span>
     <span class='ocr_line' id='line_1_24' title="bbox 109 3284 1132 3369; baseline 0.008 -23"><span class='ocrx_word' id='word_1_161' title='bbox 109 3296 158 3347; x_wconf 88' lang='lat' dir='ltr'><strong>cet</strong></span> <span class='ocrx_word' id='word_1_162' title='bbox 177 3287 267 3349; x_wconf 82' lang='lat' dir='ltr'><strong>aliter</strong></span> <span class='ocrx_word' id='word_1_163' title='bbox 287 3305 381 3369; x_wconf 88' lang='lat' dir='ltr'><strong>quam</strong></span> <span class='ocrx_word' id='word_1_164' title='bbox 403 3304 516 3368; x_wconf 87' lang='lat' dir='ltr'><strong>supra,</strong></span> <span class='ocrx_word' id='word_1_165' title='bbox 543 3284 741 3348; x_wconf 74' lang='lat' dir='ltr'><strong>consociavit.</strong></span> <span class='ocrx_word' id='word_1_166' title='bbox 783 3285 866 3348; x_wconf 90' lang='lat' dir='ltr'><strong>Nam</strong></span> <span class='ocrx_word' id='word_1_167' title='bbox 888 3306 959 3347; x_wconf 90' lang='lat' dir='ltr'><strong>cum</strong></span> <span class='ocrx_word' id='word_1_168' title='bbox 979 3287 1074 3351; x_wconf 81' lang='lat' dir='ltr'><strong>Delia</strong></span> <span class='ocrx_word' id='word_1_169' title='bbox 1094 3303 1132 3354; x_wconf 89' lang='lat' dir='ltr'><strong>nt</strong></span> 
     </span>
     <span class='ocr_line' id='line_1_25' title="bbox 107 3395 1129 3481; baseline 0.008 -22"><span class='ocrx_word' id='word_1_170' title='bbox 107 3397 191 3460; x_wconf 91' lang='lat' dir='ltr'><strong>socia</strong></span> <span class='ocrx_word' id='word_1_171' title='bbox 212 3399 318 3462; x_wconf 80' lang='lat' dir='ltr'><strong>vivere</strong></span> <span class='ocrx_word' id='word_1_172' title='bbox 345 3398 472 3460; x_wconf 86' lang='lat' dir='ltr'><strong>volebat</strong></span> <span class='ocrx_word' id='word_1_173' title='bbox 497 3399 530 3459; x_wconf 91' lang='lat' dir='ltr'><strong>in</strong></span> <span class='ocrx_word' id='word_1_174' title='bbox 554 3395 683 3481; x_wconf 84' lang='lat' dir='ltr'><strong>praedio</strong></span> <span class='ocrx_word' id='word_1_175' title='bbox 713 3417 789 3477; x_wconf 86' lang='lat' dir='ltr'><strong>suo,</strong></span> <span class='ocrx_word' id='word_1_176' title='bbox 819 3401 892 3464; x_wconf 91' lang='lat' dir='ltr'><strong>huic</strong></span> <span class='ocrx_word' id='word_1_177' title='bbox 916 3399 1035 3464; x_wconf 70' lang='lat' dir='ltr'><strong>sertim</strong></span> <span class='ocrx_word' id='word_1_178' title='bbox 1059 3407 1129 3470; x_wconf 82' lang='lat' dir='ltr'><strong>uult</strong></span> 
     </span>
     <span class='ocr_line' id='line_1_26' title="bbox 106 3509 1128 3599; baseline 0.011 -27"><span class='ocrx_word' id='word_1_179' title='bbox 106 3523 140 3572; x_wconf 89' lang='lat' dir='ltr'><strong>ut</strong></span> <span class='ocrx_word' id='word_1_180' title='bbox 170 3509 314 3573; x_wconf 83' lang='lat' dir='ltr'><strong>donrinae</strong></span> <span class='ocrx_word' id='word_1_181' title='bbox 346 3509 380 3573; x_wconf 91' lang='lat' dir='ltr'><strong>in</strong></span> <span class='ocrx_word' id='word_1_182' title='bbox 414 3513 523 3575; x_wconf 87' lang='lat' dir='ltr'><strong>alienis</strong></span> <span class='ocrx_word' id='word_1_183' title='bbox 552 3514 642 3590; x_wconf 81' lang='lat' dir='ltr'><strong>agris.</strong></span> <span class='ocrx_word' id='word_1_184' title='bbox 695 3511 773 3575; x_wconf 89' lang='lat' dir='ltr'><strong>Inde</strong></span> <span class='ocrx_word' id='word_1_185' title='bbox 801 3535 876 3578; x_wconf 83' lang='lat' dir='ltr'><strong>vero</strong></span> <span class='ocrx_word' id='word_1_186' title='bbox 906 3516 1128 3599; x_wconf 30' lang='lat' dir='ltr'><strong>crevitfltristis</strong></span> 
     </span>
     <span class='ocr_line' id='line_1_27' title="bbox 105 3624 1127 3718; baseline 0.011 -30"><span class='ocrx_word' id='word_1_187' title='bbox 105 3629 244 3690; x_wconf 85' lang='lat' dir='ltr'><strong>morbus.</strong></span> <span class='ocrx_word' id='word_1_188' title='bbox 287 3624 370 3703; x_wconf 84' lang='lat' dir='ltr'><strong>Quid</strong></span> <span class='ocrx_word' id='word_1_189' title='bbox 385 3629 527 3690; x_wconf 81' lang='lat' dir='ltr'><strong>acerbius</strong></span> <span class='ocrx_word' id='word_1_190' title='bbox 542 3641 573 3690; x_wconf 91' lang='lat' dir='ltr'><strong>et</strong></span> <span class='ocrx_word' id='word_1_191' title='bbox 587 3626 779 3710; x_wconf 84' lang='lat' dir='ltr'><strong>desperatius</strong></span> <span class='ocrx_word' id='word_1_192' title='bbox 795 3642 908 3713; x_wconf 89' lang='lat' dir='ltr'><strong>quarta</strong></span> <span class='ocrx_word' id='word_1_193' title='bbox 922 3633 1029 3712; x_wconf 84' lang='lat' dir='ltr'><strong>elegis,</strong></span> <span class='ocrx_word' id='word_1_194' title='bbox 1048 3636 1127 3718; x_wconf 90' lang='lat' dir='ltr'><strong>quid</strong></span> 
     </span>
     <span class='ocr_line' id='line_1_28' title="bbox 104 3740 1128 3829; baseline 0.013 -27"><span class='ocrx_word' id='word_1_195' title='bbox 104 3742 239 3806; x_wconf 80' lang='lat' dir='ltr'><strong>flebilius</strong></span> <span class='ocrx_word' id='word_1_196' title='bbox 259 3740 371 3806; x_wconf 81' lang='lat' dir='ltr'><strong>sexta?</strong></span> <span class='ocrx_word' id='word_1_197' title='bbox 416 3743 516 3808; x_wconf 86' lang='lat' dir='ltr'><strong>Totus</strong></span> <span class='ocrx_word' id='word_1_198' title='bbox 536 3763 621 3807; x_wconf 89' lang='lat' dir='ltr'><strong>nnnc</strong></span> <span class='ocrx_word' id='word_1_199' title='bbox 642 3742 827 3829; x_wconf 86' lang='lat' dir='ltr'><strong>inproprie</strong></span> <span class='ocrx_word' id='word_1_200' title='bbox 850 3745 959 3810; x_wconf 91' lang='lat' dir='ltr'><strong>dolore</strong></span> <span class='ocrx_word' id='word_1_201' title='bbox 979 3764 1128 3815; x_wconf 80' lang='lat' dir='ltr'><strong>versatur</strong></span> 
     </span>
     <span class='ocr_line' id='line_1_29' title="bbox 104 3857 1125 3942; baseline 0.011 -24"><span class='ocrx_word' id='word_1_202' title='bbox 104 3858 243 3935; x_wconf 73' lang='lat' dir='ltr'><strong>aninam,</strong></span> <span class='ocrx_word' id='word_1_203' title='bbox 274 3878 332 3919; x_wconf 87' lang='lat' dir='ltr'><strong>nec</strong></span> <span class='ocrx_word' id='word_1_204' title='bbox 362 3857 497 3922; x_wconf 84' lang='lat' dir='ltr'><strong>abscedit</strong></span> <span class='ocrx_word' id='word_1_205' title='bbox 529 3880 547 3920; x_wconf 92' lang='lat' dir='ltr'><strong>a</strong></span> <span class='ocrx_word' id='word_1_206' title='bbox 575 3861 733 3940; x_wconf 82' lang='lat' dir='ltr'><strong>praesenti</strong></span> <span class='ocrx_word' id='word_1_207' title='bbox 767 3858 946 3922; x_wconf 89' lang='lat' dir='ltr'><strong>conditione</strong></span> <span class='ocrx_word' id='word_1_208' title='bbox 978 3864 1125 3942; x_wconf 79' lang='lat' dir='ltr'><strong>cogitatio</strong></span> 
     </span>
     <span class='ocr_line' id='line_1_30' title="bbox 102 3967 1125 4063; baseline 0.009 -31"><span class='ocrx_word' id='word_1_209' title='bbox 102 3985 222 4054; x_wconf 86' lang='lat' dir='ltr'><strong>poetae.</strong></span> <span class='ocrx_word' id='word_1_210' title='bbox 271 3967 374 4046; x_wconf 79' lang='lat' dir='ltr'><strong>Quam</strong></span> <span class='ocrx_word' id='word_1_211' title='bbox 404 3972 444 4035; x_wconf 88' lang='lat' dir='ltr'><strong>sit</strong></span> <span class='ocrx_word' id='word_1_212' title='bbox 474 3995 558 4035; x_wconf 89' lang='lat' dir='ltr'><strong>nunc</strong></span> <span class='ocrx_word' id='word_1_213' title='bbox 588 3996 680 4054; x_wconf 84' lang='lat' dir='ltr'><strong>aeger</strong></span> <span class='ocrx_word' id='word_1_214' title='bbox 708 3997 830 4056; x_wconf 85' lang='lat' dir='ltr'><strong>amore,</strong></span> <span class='ocrx_word' id='word_1_215' title='bbox 858 3975 932 4039; x_wconf 84' lang='lat' dir='ltr'><strong>inde</strong></span> <span class='ocrx_word' id='word_1_216' title='bbox 961 3978 1125 4063; x_wconf 71' lang='lat' dir='ltr'><strong>inteiligas,</strong></span> 
     </span>
     <span class='ocr_line' id='line_1_31' title="bbox 103 4083 1181 4175; baseline 0.003 -27"><span class='ocrx_word' id='word_1_217' title='bbox 103 4083 190 4169; x_wconf 90' lang='lat' dir='ltr'><strong>qnod</strong></span> <span class='ocrx_word' id='word_1_218' title='bbox 217 4085 269 4147; x_wconf 82' lang='lat' dir='ltr'><strong>vel</strong></span> <span class='ocrx_word' id='word_1_219' title='bbox 299 4086 396 4150; x_wconf 83' lang='lat' dir='ltr'><strong>avitas</strong></span> <span class='ocrx_word' id='word_1_220' title='bbox 420 4086 509 4149; x_wconf 85' lang='lat' dir='ltr'><strong>sedes</strong></span> <span class='ocrx_word' id='word_1_221' title='bbox 531 4087 666 4151; x_wconf 86' lang='lat' dir='ltr'><strong>vendere</strong></span> <span class='ocrx_word' id='word_1_222' title='bbox 691 4089 765 4152; x_wconf 87' lang='lat' dir='ltr'><strong>velit</strong></span> <span class='ocrx_word' id='word_1_223' title='bbox 787 4089 813 4151; x_wconf 90' lang='lat' dir='ltr'><strong>si</strong></span> <span class='ocrx_word' id='word_1_224' title='bbox 840 4090 948 4152; x_wconf 84' lang='lat' dir='ltr'><strong>iubeat</strong></span> <span class='ocrx_word' id='word_1_225' title='bbox 968 4091 1126 4175; x_wconf 83' lang='lat' dir='ltr'><strong>Nemesis,</strong></span> <span class='ocrx_word' id='word_1_226' title='bbox 1175 4134 1181 4151; x_wconf 87' lang='lat'><strong>-.</strong></span> 
     </span>
     <span class='ocr_line' id='line_1_32' title="bbox 101 4198 1123 4290; baseline 0.01 -29"><span class='ocrx_word' id='word_1_227' title='bbox 101 4200 217 4281; x_wconf 82' lang='lat' dir='ltr'><strong>quibus</strong></span> <span class='ocrx_word' id='word_1_228' title='bbox 237 4198 318 4260; x_wconf 84' lang='lat' dir='ltr'><strong>nihil</strong></span> <span class='ocrx_word' id='word_1_229' title='bbox 339 4202 441 4262; x_wconf 90' lang='lat' dir='ltr'><strong>carius</strong></span> <span class='ocrx_word' id='word_1_230' title='bbox 466 4201 620 4264; x_wconf 86' lang='lat' dir='ltr'><strong>habuerat</strong></span> <span class='ocrx_word' id='word_1_231' title='bbox 640 4222 699 4282; x_wconf 89' lang='lat' dir='ltr'><strong>per</strong></span> <span class='ocrx_word' id='word_1_232' title='bbox 719 4213 816 4264; x_wconf 86' lang='lat' dir='ltr'><strong>totam</strong></span> <span class='ocrx_word' id='word_1_233' title='bbox 836 4201 950 4282; x_wconf 85' lang='lat' dir='ltr'><strong>vitam,</strong></span> <span class='ocrx_word' id='word_1_234' title='bbox 979 4217 1011 4267; x_wconf 89' lang='lat' dir='ltr'><strong>et</strong></span> <span class='ocrx_word' id='word_1_235' title='bbox 1033 4206 1123 4290; x_wconf 88' lang='lat' dir='ltr'><strong>quod</strong></span> 
     </span>
     <span class='ocr_line' id='line_1_33' title="bbox 99 4294 1166 4398; baseline 0.012 -25"><span class='ocrx_word' id='word_1_236' title='bbox 99 4312 162 4375; x_wconf 86' lang='lat' dir='ltr'><strong>leto</strong></span> <span class='ocrx_word' id='word_1_237' title='bbox 184 4313 248 4375; x_wconf 89' lang='lat' dir='ltr'><strong>iam</strong></span> <span class='ocrx_word' id='word_1_238' title='bbox 268 4313 364 4375; x_wconf 78' lang='lat' dir='ltr'><strong>sitam</strong></span> <span class='ocrx_word' id='word_1_239' title='bbox 387 4312 550 4376; x_wconf 86' lang='lat' dir='ltr'><strong>finiturum</strong></span> <span class='ocrx_word' id='word_1_240' title='bbox 571 4314 668 4376; x_wconf 85' lang='lat' dir='ltr'><strong>fuisse</strong></span> <span class='ocrx_word' id='word_1_241' title='bbox 691 4332 724 4377; x_wconf 87' lang='lat' dir='ltr'><strong>se</strong></span> <span class='ocrx_word' id='word_1_242' title='bbox 747 4311 836 4392; x_wconf 86' lang='lat' dir='ltr'><strong>dicit,</strong></span> <span class='ocrx_word' id='word_1_243' title='bbox 865 4316 929 4380; x_wconf 89' lang='lat' dir='ltr'><strong>nisi</strong></span> <span class='ocrx_word' id='word_1_244' title='bbox 952 4337 1024 4398; x_wconf 85' lang='lat' dir='ltr'><strong>spes</strong></span> <span class='ocrx_word' id='word_1_245' title='bbox 1045 4323 1122 4385; x_wconf 88' lang='lat' dir='ltr'><strong>reti·</strong></span> <span class='ocrx_word' id='word_1_246' title='bbox 1159 4294 1166 4307; x_wconf 28' lang='grc' dir='ltr'>ἱ</span> 
     </span>
    </p>
   </div>
   <div class='ocr_carea' id='block_1_5' title="bbox 0 0 1238 4838">
    <p class='ocr_par' dir='ltr' id='par_1_5' title="bbox 0 0 1238 4838">
     <span class='ocr_line' id='line_1_34' title="bbox 0 0 1238 4838; baseline 0 8"><span class='ocrx_word' id='word_1_247' title='bbox 0 0 1238 4838; x_wconf 95' lang='lat' dir='ltr'><strong> </strong></span> 
     </span>
    </p>
   </div>
  </div>
 </body>
</html>
