2468 4838
501 612 686 681 'llBULLL
1009 642 1105 685 cxxxi

73 782 186 866 psello,
213 792 247 845 et
267 801 340 846 cuns
359 781 394 844 in
414 782 599 859 hexametro
619 784 838 865 praeposuerit
857 793 972 864 tuosne,
999 798 1103 849 tamen

77 916 145 959 non
174 893 266 959 rides
299 895 442 957 similiter
469 896 698 961 substantIvum
726 901 822 980 puella
853 901 886 961 in
918 899 1106 982 pentametri

75 1009 174 1072 initiis
197 1011 400 1087 collocatum,
421 1004 477 1072 sed
497 1007 671 1072 secundum
685 1012 856 1074 verborum
876 1012 1106 1094 oppositionem

78 1144 165 1185 nunc
193 1120 275 1186 ordo
296 1141 413 1185 vocum
436 1122 596 1185 institutus
626 1135 672 1186 est
700 1123 802 1185 ethis
825 1126 917 1190 etism
941 1125 992 1188 ius
1014 1144 1107 1187 suum

80 1236 208 1313 domm,
237 1256 303 1318 quo
324 1235 408 1299 fecto
429 1248 540 1299 suctus
561 1248 608 1298 est
628 1236 796 1299 manifesto
816 1238 907 1317 vigor
928 1240 1109 1303 sententiae.

78 1350 195 1434 Neque
212 1351 297 1411 enim
314 1349 412 1412 solius
431 1350 523 1412 metri
540 1368 634 1411 causo
650 1350 726 1411 tolia
740 1348 836 1426 fiunt,
861 1347 948 1433 quod
965 1353 1109 1414 classicus

80 1477 177 1546 poeta
199 1463 291 1525 facilc
310 1463 425 1540 vincit,
446 1459 503 1527 sed
525 1472 561 1524 ut
581 1463 690 1525 omnis
710 1483 791 1546 quae
811 1464 876 1525 vim
896 1465 1014 1526 habere
1034 1486 1110 1546 pos·

81 1588 157 1639 sunt
182 1576 219 1637 in
245 1575 415 1653 sententio,
446 1576 572 1638 valeant
601 1596 697 1658 quom
723 1577 914 1657 plurimum,
945 1590 1039 1660 etque
1066 1579 1111 1640 ito

82 1690 251 1771 multiplex
270 1689 319 1752 vis
342 1703 451 1752 rerum
471 1690 609 1752 exsistat.
652 1687 792 1753 Subiicio
813 1693 918 1753 locum
938 1693 963 1770 1,
976 1698 1007 1769 2,
1023 1701 1064 1755 27
1074 1716 1083 1756 τ

168 1802 240 1864 Nec
260 1801 334 1863 sinit
355 1814 501 1864 occurrat
522 1803 706 1883 quisquam,
737 1802 793 1883 qui
815 1823 949 1883 corporo
970 1803 1056 1866 fetro

214 1915 372 1976 Vulnerst
393 1925 446 1975 sut
466 1926 557 1994 rspts
578 1915 718 1995 praemia
738 1927 824 1976 veste
845 1927 948 1996 petat,

83 2025 143 2091 ubi
170 2024 261 2091 vides
285 2047 413 2090 sensum
433 2027 518 2088 hunc
541 2046 625 2089 esse:
659 2028 715 2109 qui
743 2047 858 2107 corpus
885 2029 1033 2091 vulneret
1058 2043 1112 2092 aut

83 2153 206 2206 vestem
230 2140 344 2221 ropiot.
392 2137 456 2200 Sed
482 2152 577 2220 poeta
603 2140 729 2202 inverso
755 2138 866 2202 ordine
895 2142 992 2206 verbo
1015 2144 1112 2207 collo·

85 2256 169 2316 csvit
194 2254 258 2315 sic:
291 2250 347 2335 qui
375 2271 511 2334 corpora
535 2252 680 2314 vulneret
709 2263 764 2313 sut
790 2255 892 2333 rapiat
920 2266 1056 2330 vestem,
1086 2275 1112 2317 s.

84 2378 177 2449 rapte
193 2377 281 2429 veste
295 2366 436 2446 proemio
453 2376 553 2447 petat,
575 2384 739 2447 opponens
754 2386 839 2427 nunc
856 2367 954 2430 verbo
969 2369 1115 2429 vulnerare

87 2492 117 2541 st
144 2500 269 2562 rapere,
307 2498 389 2560 quse
419 2477 565 2556 grovim,
606 2475 830 2558 significantior
857 2479 909 2539 hic
939 2481 1114 2560 oppositi03

86 2604 182 2675 atque
216 2593 310 2654 etism
330 2590 414 2671 ferro
442 2589 561 2652 addidit
588 2613 620 2654 v.
641 2593 776 2667 vulneret,
814 2611 879 2652 non
910 2591 1026 2668 otiose,
1059 2591 1115 2653 sed

88 2702 249 2768 acuendae
279 2703 450 2765 sententiae
478 2714 508 2763 et
536 2702 744 2783 oppositionis
771 2721 874 2764 causa.
927 2703 1031 2781 Vulgo
1064 2704 1115 2764 hie

88 2840 203 2900 parum
235 2813 398 2878 attendunt
430 2813 470 2877 sd
502 2816 594 2893 talio,
635 2835 708 2876 cusu
739 2815 841 2897 posito
871 2827 927 2877 aut
957 2816 1117 2897 superfluo

89 2935 273 3013 opinantes,
293 2930 464 3011 inquibus
485 2939 589 2991 tomen
607 2949 721 3007 magna
741 2928 790 2991 vis
812 2941 868 2990 cst.
911 2927 975 2990 Sed
992 2928 1058 2990 dixi
1078 2928 1117 2991 de

90 3045 222 3126 singulis
238 3042 377 3105 distichis
395 3053 549 3125 quantum
567 3042 649 3105 satis.
692 3040 865 3102 Procedom
883 3042 979 3120 igitur
995 3043 1118 3122 longius

90 3173 122 3223 et
142 3156 352 3221 considerabo
375 3174 504 3238 quoque
526 3155 712 3234 ampliorem
733 3173 824 3213 usum
847 3152 1055 3231 divisionum,
1086 3169 1119 3218 ut

91 3285 158 3335 tote
172 3283 288 3353 poetas
303 3270 339 3330 in
352 3268 414 3330 hoc
430 3287 545 3346 genere
563 3286 614 3328 srs
630 3277 744 3346 pateat.
784 3263 909 3326 Etenim
926 3266 993 3327 fieri
1008 3278 1121 3347 potest,

93 3397 125 3447 ut
147 3383 245 3447 simul
267 3394 297 3443 et
320 3382 355 3442 in
379 3382 508 3459 singulis
530 3378 670 3444 distichis
694 3379 872 3440 habeantur
898 3377 1067 3444 divisiones
1091 3394 1123 3445 et

93 3496 310 3580 oppositiones
337 3495 568 3572 membrorum,
600 3504 633 3554 et
654 3493 774 3571 integro
800 3491 876 3554 hoec
899 3491 1028 3557 disticho
1053 3496 1122 3575 ipso

93 3610 152 3673 sibi
170 3620 375 3692 opponentur
388 3621 539 3689 tanquam
554 3604 682 3670 maioris
700 3607 873 3667 sentcntiae
893 3619 1006 3688 portes.
1045 3607 1122 3668 Tale

97 3727 276 3805 exemplum
299 3734 345 3784 est
369 3723 396 3797 1,
419 3726 453 3796 1,
475 3725 517 3782 29
538 3740 606 3802 sqq.
630 3732 684 3781 mu
707 3720 738 3796 l,
761 3727 795 3794 8,
821 3725 859 3780 19
880 3740 968 3802 sqq:

181 3836 303 3899 Cantus
326 3833 435 3896 vicinis
457 3833 563 3912 fruges
584 3830 720 3895 troducit
741 3833 780 3892 nb
805 3834 902 3910 egris,

224 3946 345 4010 Cantus
367 3959 398 4007 et
419 3945 518 4010 iratae
541 3944 658 4007 detinet
680 3945 789 4023 anguis
811 3944 887 4018 iter,

180 4062 302 4126 Cantus
324 4072 354 4124 et
375 4081 392 4120 e
414 4079 512 4121 curru
533 4058 657 4120 Lunam
680 4055 833 4120 deducere
857 4067 973 4132 tentet,

224 4176 267 4237 Et
287 4176 421 4250 feceret,
450 4173 477 4234 si
498 4191 564 4233 non
586 4191 660 4232 sors
681 4173 807 4253 repulso
830 4181 953 4251 sonent.

10 4282 14 4311 ¹
100 4289 244 4353 Vidimus
273 4306 370 4369 supro
400 4287 549 4347 unitatem
579 4283 673 4367 primi
702 4282 825 4345 distichi
856 4302 893 4346 eo
924 4281 998 4361 niti,
1037 4282 1123 4366 quod

781 4398 826 4459 i*
