2468 4838
140 633 215 675 axrv
547 612 608 676 DE
629 607 749 677 POESI

141 797 232 859 lectio
255 792 345 856 docet
372 791 520 855 varietate
550 793 717 855 affectuum
745 804 830 854 tanta
856 793 1061 875 conspicuum
1082 813 1158 863 ease,

141 910 241 992 qumis
263 904 345 988 apud
372 908 493 968 nullssm
518 908 614 969 alium
635 905 880 991 deprehenditur
899 921 1026 989 poetam
1038 909 1159 990 'elegis-

141 1044 222 1087 eum.
264 1021 339 1082 Erat
359 1017 528 1079 admodum
548 1018 703 1097 vividum,
724 1017 879 1082 fervidum
901 1021 968 1083 eius
988 1021 1159 1101 ingenium,

142 1139 258 1201 utiam
279 1155 376 1215 supra
394 1130 539 1209 vidimus,
560 1145 591 1195 et
612 1154 683 1195 cum
705 1145 772 1196 toto
792 1146 919 1216 pectore
941 1137 1082 1212 sentiret,
1103 1135 1161 1197 do·

138 1253 234 1326 leret,
264 1257 406 1328 cuperet,
435 1257 567 1322 amaret,
600 1256 630 1306 et
651 1246 678 1308 si
699 1244 786 1329 quod
811 1259 938 1326 urgeret
958 1244 1160 1324 desiderium,

140 1383 250 1428 omnes
269 1359 303 1424 id
325 1379 435 1422 sensus
455 1378 529 1422 suos
553 1374 584 1422 et
603 1361 804 1440 cogitatIones
824 1363 987 1443 impleret,
1016 1374 1089 1425 orta
1114 1375 1161 1424 est

139 1485 182 1545 sic
203 1482 257 1542 illa
277 1476 406 1557 insignis
432 1477 594 1539 fluctuatio
624 1476 720 1537 animi
727 1520 736 1554 ,
762 1478 815 1539 ille
840 1478 945 1540 varius
971 1488 1078 1539 motus
1097 1476 1161 1537 huc

137 1598 212 1657 illuc
233 1614 265 1654 se
286 1603 428 1666 vertens,
450 1601 481 1649 et
502 1590 608 1649 omnia
630 1590 763 1668 agitans,
785 1608 992 1669 percurrens,
1015 1607 1097 1670 quae
1118 1584 1162 1649 ad

138 1707 234 1769 finem
261 1703 458 1785 propositum
489 1698 612 1785 ducere·
632 1698 826 1763 viderentur.
883 1700 977 1763 Nunc
1007 1703 1161 1784 queritur,

139 1839 224 1880 nunc
251 1815 412 1893 irascitur,
440 1812 636 1892 exsecratur,
664 1815 739 1876 alias
768 1826 929 1895 precatam,
958 1826 1037 1878 mox
1063 1826 1163 1877 terret

137 1935 229 1994 mima
252 1947 428 2012 poenarum
458 1928 653 2003 coelestium,
686 1938 717 1987 et
744 1947 830 1988 nunc
858 1928 986 1989 ianuam
1014 1929 1162 2009 appellat,

138 2064 222 2105 num
242 2041 380 2122 puellam
400 2039 560 2116 hortatur,
584 2057 668 2098 nunc
689 2058 722 2099 se
745 2039 933 2122 alloquitur,
960 2060 1049 2103 nune
1070 2038 1161 2103 deni·

139 2178 200 2237 qam
221 2163 457 2235 praetereuntes
478 2148 635 2227 admonet,
656 2162 685 2211 et
704 2170 785 2234 quae
800 2164 875 2213 sunt
889 2153 950 2213 alia
968 2151 1162 2221 hubsmodi.

138 2270 200 2334 Sed
222 2269 261 2331 de
282 2266 431 2332 varietate
458 2285 565 2326 rerum
591 2277 623 2326 et
643 2267 812 2328 affectuum
834 2265 920 2347 apud
940 2266 1105 2328 Tibullum
1125 2267 1160 2328 in

138 2391 320 2452 universum
341 2393 461 2445 constat
482 2382 565 2442 inter
586 2400 703 2459 omnes,
725 2402 797 2443 cum
815 2401 892 2444 vero
913 2378 994 2442 illud
1015 2400 1082 2442 non
1103 2402 1160 2443 ex·

135 2503 287 2583 plicarent
301 2500 496 2577 interpretes,
518 2495 677 2577 quomodo
700 2508 765 2557 tota
783 2498 860 2558 haec
880 2497 1015 2559 venetas
1030 2493 1071 2558 ad
1087 2497 1160 2559 uni·

137 2626 231 2676 tatem
259 2610 412 2693 poeticam
441 2610 611 2690 composita
639 2609 696 2687 ait,
724 2611 817 2688 vulgo
850 2610 924 2672 artis
952 2609 1098 2690 ignarum
1128 2624 1160 2675 et

137 2750 230 2793 cocco
252 2730 371 2808 impetu
392 2724 498 2805 vagari
512 2723 642 2787 credunt
658 2723 749 2784 multi
768 2726 922 2805 optimum
936 2738 1081 2805 poetam,
1102 2726 1160 2807 qui

136 2844 224 2904 nssllo
247 2839 368 2902 nonin
390 2839 525 2902 carmine
547 2838 714 2917 pulchrum
738 2836 882 2900 ordinem
911 2849 942 2901 et
969 2850 1160 2903 concentum

136 2977 242 3019 rernm
270 2955 379 3032 finxit,
415 2950 680 3035 quemadmodum
708 2951 896 3018 videbimus.
946 2952 1158 3017 Proeedsmus

136 3067 258 3132 ordine.
587 3138 592 3151 .

222 3181 278 3243 list
305 3182 400 3261 vulgo
429 3180 559 3244 omnino
588 3179 686 3261 elegia
711 3179 771 3242 alla
799 3180 918 3261 lenior,
945 3180 1158 3264 tranquillior,

134 3295 310 3373 remissior,
340 3298 399 3356 alia
426 3299 606 3373 nervosior,
637 3296 810 3373 incitatior,
840 3296 1075 3373 vehementior,
1102 3294 1158 3359 sed

135 3412 222 3469 nulla
245 3408 311 3469 sine
333 3406 488 3471 vividiore
513 3409 651 3491 quodam
673 3430 777 3472 sensti.
825 3409 944 3472 Earum
973 3424 1079 3473 autem
1105 3430 1158 3472 re·

134 3542 222 3600 rum,
248 3540 356 3581 eorum
379 3541 528 3583 sensuum
550 3535 579 3584 et
601 3525 787 3600 affectuum,
812 3543 893 3606 quos
914 3543 1040 3585 carmen
1062 3524 1158 3585 habet

134 3633 220 3698 aliud
245 3634 338 3711 alios,
368 3632 631 3716 quemadmodum
659 3635 693 3696 in
722 3635 847 3697 musicis
877 3635 1158 3716 compositionibus

132 3751 318 3836 primarium
347 3749 476 3812 modum
502 3761 533 3810 et
560 3748 756 3811 harmoniam
784 3748 910 3826 dicunt,
941 3750 986 3812 sic
1012 3755 1042 3811 in
1068 3751 1160 3828 elegus

132 3865 253 3946 affictus
274 3865 392 3948 quidam
413 3875 453 3925 est
472 3868 626 3946 primanus
643 3876 695 3925 aut
712 3869 847 3926 assumtio
863 3885 986 3926 summa.
1027 3864 1074 3926 Ac
1088 3865 1158 3945 ple·

132 3999 267 4063 rumque
295 3979 422 4063 quidem
449 3981 594 4043 allectum
624 3980 761 4061 aliquem
788 4000 921 4060 regnare
950 3978 1076 4059 videas,
1105 3978 1158 4042 cui

133 4104 235 4153 cetera
265 4095 371 4156 omnia
400 4096 538 4157 subiecta
568 4094 648 4173 sint,
680 4093 749 4156 dico
772 4106 877 4156 autem
898 4094 1046 4155 affectum
1069 4114 1156 4157 nunc

131 4208 300 4286 generatim
325 4207 480 4291 quidquid
499 4211 649 4286 laetitiae,
672 4208 805 4285 doloris,
826 4219 945 4284 metus,
967 4204 1159 4286 cupiditatis,

131 4320 293 4398 desiderii,
315 4343 461 4403 precum,
487 4327 570 4404 irae,
599 4324 756 4386 mnarum
778 4322 873 4404 elegia
894 4322 1007 4399 habet,
1038 4333 1069 4383 et
1090 4320 1159 4404 pri·
