2468 4838
489 570 673 636 TlssULLt.
1043 602 1093 644 uxr

65 741 248 827 Sophocleo
274 742 310 805 in
333 741 457 807 Electra
484 764 516 808 v.
529 748 591 807 120
607 764 678 830 sqq.
700 747 755 810 ubi
778 750 907 831 querela
928 750 972 813 its
992 749 1092 817 divisa

64 872 127 937 est,
157 870 195 922 ut
221 859 360 940 primum
382 857 421 921 de
443 860 684 939 Agamemnonis
706 861 800 926 caede
822 862 944 928 dicetur
960 868 1091 948 atropha

64 986 97 1037 at
113 973 314 1055 antistropha
330 963 379 1050 α’,
406 972 519 1036 deinde
542 973 582 1038 de
602 978 728 1039 miseris
743 978 885 1043 Electrae
906 982 1038 1064 etropba
1058 997 1091 1047 et

62 1087 263 1168 antistropha
272 1076 323 1173 β’,
351 1098 511 1170 postremo
531 1099 702 1175 utrumque
723 1095 945 1174 complectatur
964 1107 997 1159 et
1014 1118 1091 1161 eon·

63 1202 175 1282 iungat
202 1202 310 1284 puella
337 1202 372 1263 in
403 1202 496 1265 tertia
525 1214 631 1284 parte,
666 1203 933 1287 quemadmodum
960 1207 1090 1273 ditans

62 1315 145 1378 suilli
173 1314 299 1380 iuvenis
334 1311 444 1378 doetus
476 1327 508 1379 et
542 1328 652 1379 acutus
686 1316 789 1380 Henr.
810 1316 940 1383 Ludoli.
965 1322 1091 1388 Abrsns

63 1429 187 1493 nonsit
215 1430 250 1491 in
280 1428 389 1493 libello
422 1430 586 1492 Deseruit
614 1431 784 1513 quidusdam
811 1432 944 1516 Aeschyli
964 1437 1090 1500 wadum

62 1552 135 1610 adi
161 1546 313 1609 medani
362 1544 415 1610 sic
437 1546 550 1609 clarius
580 1549 674 1610 otiam
700 1547 854 1628 intelligas
873 1570 983 1614 veram
1003 1564 1089 1616 sbu-

63 1672 187 1725 cturam
200 1658 334 1743 elegidii.
376 1660 524 1742 Denique
541 1658 681 1722 attendas
697 1661 790 1723 etiam
803 1658 844 1723 ad
857 1662 1087 1728 invocationem

62 1789 115 1839 ter
132 1776 308 1858 repetitam.
355 1774 438 1838 Nem
459 1775 553 1838 etiam
575 1774 626 1839 lric
648 1775 780 1840 variatio
802 1788 834 1839 et
852 1777 999 1858 repetitio
1021 1779 1088 1841 ior·

62 1910 204 1968 marum,
224 1908 320 1972 quam
337 1885 419 1967 dixi,
439 1889 544 1952 locunt
560 1889 657 1951 habet
674 1906 735 1973 pro
751 1888 875 1952 ratione
894 1893 1087 1970 argumentis

62 2016 184 2088 potest,
212 2015 250 2067 nt
268 2004 303 2066 in
325 2002 522 2066 antecedenti
547 2002 697 2084 elegidio,
724 2025 814 2068 suam
841 2028 986 2092 quaeque
1011 2029 1087 2091 pars

62 2119 261 2184 tractationis
284 2120 439 2183 rationem
459 2120 577 2183 babere
598 2119 633 2181 in
658 2123 822 2198 omnibus,
849 2134 968 2204 potest,
996 2136 1032 2183 ut
1052 2124 1087 2184 in

62 2234 125 2298 hoc
148 2237 268 2313 altero,
295 2235 389 2298 simul
410 2235 518 2298 adesse
545 2237 647 2299 forma
673 2233 843 2318 quaedam,
872 2257 953 2318 quae
978 2234 1088 2298 redeat

62 2360 122 2411 ter.
162 2348 294 2432 lamque
319 2348 412 2412 etism
433 2347 473 2410 de
498 2346 559 2412 boc
587 2347 723 2410 carmine
748 2348 821 2411 satis
843 2346 970 2413 dictum.
1010 2348 1086 2412 Non

62 2473 123 2525 eet·
139 2474 245 2525 autern
274 2460 425 2538 dubium,
464 2482 559 2544 quum
588 2460 640 2522 bic
667 2462 868 2524 manavimus
895 2463 1087 2543 peculiarem

61 2578 346 2642 conformationem
365 2578 499 2658 elegiae,
520 2578 579 2639 arti
599 2578 739 2657 poeticae
753 2577 874 2639 Tibulli
892 2579 988 2657 plane
1009 2597 1086 2639 con·

60 2694 189 2774 venire3
216 2712 291 2755 nans
311 2693 553 2756 concinnitatem
574 2712 719 2772 maguam
740 2711 778 2753 ea
797 2692 894 2753 habet
913 2701 945 2752 et
966 2691 1086 2753 exitum

62 2806 156 2871 etiarn
187 2806 281 2870 affert
309 2826 387 2871 vere
416 2807 649 2882 Tibullianum‚
690 2805 746 2889 qui
780 2816 949 2886 componat
978 2805 1086 2867 omnis

60 2922 197 3004 optime,
229 2923 387 3009 simulque
415 2922 577 2987 distinctus
605 2925 645 2988 ab
674 2922 929 2988 antecedentibus
954 2921 1086 2986 firmiter

60 3036 187 3103 danda
214 3050 326 3102 toturn.
373 3038 449 3103 Non
475 3038 643 3120 placuisset
667 3058 767 3119 aeque
788 3037 918 3099 Tibullo
940 3037 1085 3119 opposita

61 3152 165 3217 forma
194 3150 374 3232 divisionis,
405 3151 462 3216 ubi
490 3163 562 3232 post
587 3150 749 3213 introitum
773 3147 850 3212 duas
877 3161 982 3230 partes
1008 3170 1084 3212 con·

60 3282 155 3344 μισ
174 3284 294 3346 ponas,
318 3286 414 3349 quam
432 3261 613 3347 Lygdamus
633 3262 729 3323 babet
749 3261 783 3322 in
804 3262 907 3342 primo
929 3261 1084 3341 carmine3

59 3400 254 3464 quamquam
282 3381 367 3442 enim
394 3401 453 3462 per
481 3401 514 3442 ae
542 3398 609 3441 non
631 3373 838 3458 vituperanda
862 3373 934 3437 talis
961 3372 1084 3453 divisio,

58 3504 168 3556 tamen
187 3492 389 3555 Tibullianae
416 3504 590 3554 structurae
609 3490 787 3554 firmitatem
808 3491 1007 3567 nonhabet,
1035 3488 1085 3552 di·

58 3606 221 3669 sdnetiore
250 3604 338 3667 exitu
366 3625 486 3669 camna.
536 3601 599 3666 Sed
627 3607 703 3668 haec
732 3601 772 3665 ad
799 3602 996 3688 Lygdamum
1024 3624 1083 3668 nos

59 3719 197 3798 ducunt,
226 3717 285 3781 ubi
304 3717 558 3781 uontinuabimus
577 3718 658 3780 banc
682 3718 721 3782 de
742 3719 954 3801 peculiaribus
973 3719 1084 3781 fonnis

59 3834 177 3918 elegiae
197 3832 451 3916 disputationem.
492 3834 543 3896 De
561 3833 681 3898 Tibulli
701 3848 766 3898 arto
787 3834 914 3898 abunde
933 3833 1062 3899 dictum.

122 4174 188 4254 Qut
209 4176 362 4239 Lronatn
390 4177 502 4257 elegias
530 4200 546 4239 a
571 4178 699 4241 Tibullo
721 4174 920 4241 crediderunt
943 4179 1082 4260 scriptas,

59 4310 166 4375 neque
189 4292 251 4355 alia
273 4302 502 4372 perspexerunt
523 4293 590 4356 aliis
609 4291 686 4355 locis
707 4294 819 4356 harum
836 4293 1081 4377 disputationum
