2468 4838
374 1333 439 1396 DE
472 1330 622 1400 POESI
649 1333 877 1400 TIBULLI.

110 1526 300 1650 postquam
331 1566 372 1629 de
398 1570 462 1631 vita
488 1569 607 1631 Tibulli
635 1569 752 1633 dictum
781 1583 842 1649 est,
871 1569 1010 1634 dicemus
1040 1573 1133 1634 etiam

111 1683 147 1746 de
168 1686 355 1765 ingenioet
376 1683 467 1766 poesi
488 1686 565 1748 eius.
614 1685 826 1766 Disputarunt
846 1690 1000 1749 nonnulla
1028 1686 1066 1749 de
1094 1708 1132 1749 ea

109 1822 144 1864 re
163 1802 356 1883 interpretes
377 1801 463 1864 Albii
484 1812 516 1862 et
537 1801 702 1882 scriptores
721 1801 870 1864 histo-iae
886 1804 1054 1882 literariae,
1075 1824 1132 1867 nec

111 1936 176 1979 non
199 1913 407 1979 Wielandius
429 1914 469 1979 ad
490 1917 615 1980 Horatii
643 1918 804 1999 epistolum
825 1919 900 1980 libri
919 1920 1014 2002 primi
1036 1941 1131 2001 quar-

109 2045 174 2095 tam
196 2045 227 2095 et
248 2054 354 2114 nuper
374 2034 575 2096 Hermannus
597 2032 762 2097 Paldamus
783 2037 817 2096 in
837 2036 961 2114 libello,
987 2037 1038 2100 cui
1057 2038 1131 2099 titu-

108 2149 176 2209 lus:
198 2146 369 2209 Riimisclre
391 2148 513 2225 Erotilr,
534 2149 664 2210 uberius
685 2168 762 2210 vero
786 2151 894 2213 ceteris
914 2149 1131 2233 imprimisque

109 2265 269 2344 eleganter
302 2263 378 2326 olim
410 2264 525 2325 Mauso
561 2264 596 2324 in
629 2262 856 2326 Additamentis
889 2261 929 2324 ad
965 2262 1133 2326 Sulzerum

109 2384 202 2446 Tom.
223 2384 264 2460 II,
292 2383 425 2461 lasc.1;
457 2381 513 2446 sed
540 2403 632 2446 nemo
655 2384 772 2446 horum
799 2404 909 2446 omnes
934 2383 1132 2467 quaestiones

111 2510 294 2579 persecutus
317 2509 364 2558 est
384 2496 499 2579 quibus
522 2515 612 2578 opus,
634 2498 661 2558 si
681 2496 807 2578 penitus
823 2498 979 2560 illustrare
1001 2501 1131 2581 scripto·

108 2634 179 2674 rem
198 2610 340 2690 studeas,
361 2631 419 2692 ego
439 2632 516 2673 vero
538 2613 583 2674 ite
602 2632 670 2673 rem
690 2624 823 2675 mactare
847 2614 1001 2690 conabor,
1022 2634 1130 2695 quoru

107 2724 280 2789 admodum
311 2726 404 2787 etiam
430 2727 514 2787 iusta
540 2724 773 2788 hermeneutica
800 2726 953 2806 postulat,
986 2735 1022 2785 ut
1049 2746 1131 2807 quae

106 2843 240 2924 propria
261 2839 459 2903 Tibullianae
480 2858 612 2920 poeseos
634 2849 666 2900 et
689 2837 730 2902 ad
753 2858 862 2902 ueram
881 2838 1037 2900 rationem
1063 2837 1131 2902 eius

108 2951 357 3036 cognoscendam
388 2953 569 3015 necessaria·
590 2949 712 3030 iudico,
747 2973 857 3016 eorum
889 2954 1013 3035 potiora
1045 2974 1130 3017 com·

105 3069 228 3150 plectar
249 3067 373 3139 omnia,
400 3066 594 3128 refutatores
621 3065 682 3126 hoc
709 3063 805 3126 modo
830 3068 924 3127 simul
945 3088 1068 3130 errores
1090 3067 1128 3131 de

105 3196 175 3244 arte
203 3194 316 3263 poetae
342 3184 437 3261 vulgo
463 3200 630 3263 perperam
657 3199 792 3260 sparsos.
834 3180 947 3243 Dicam
966 3203 1044 3245 vero
1064 3187 1130 3264 pri-

105 3317 195 3358 nrum
217 3295 257 3357 de
275 3308 458 3376 argumento
478 3316 610 3378 poeseos
632 3294 839 3372 Tibullianae,
861 3316 925 3379 quo
947 3298 1013 3360 tere
1033 3300 1130 3381 perti·

106 3423 185 3471 nent
205 3408 432 3492 disputationes
452 3408 611 3490 laudatae,
632 3407 746 3472 deinde
767 3407 806 3472 de
826 3410 928 3473 forma
950 3422 982 3474 et
1002 3430 1129 3493 compo·

104 3524 221 3588 sitione
242 3523 356 3588 harum
379 3523 564 3607 elegiarum,
588 3521 725 3609 denique
748 3521 787 3587 de
810 3525 986 3589 elocutione
1009 3539 1129 3608 poetae.

203 3780 226 3834 1.
263 3779 313 3833 ΒΕ
331 3778 566 3836 ARGUMENTO
582 3780 749 3836 Pousttos
767 3779 1024 3837 tumulatus.

190 3938 304 4000 Albius
323 3937 478 4017 Tibullus,
499 3951 612 4002 namra
632 3939 753 4003 alienus
774 3939 910 4002 erebus
932 3933 1074 4019 gerendis
1097 3951 1128 4001 et

105 4054 202 4134 magis
222 4054 258 4115 in
280 4055 423 4117 mollium
444 4075 596 4119 sensuum
616 4052 777 4119 desideriis
800 4067 832 4117 et
850 4055 1014 4119 effectibus
1037 4057 1127 4118 habi-

105 4183 176 4233 tans
199 4192 296 4254 quam
317 4168 358 4232 ad
379 4169 521 4234 militiam
546 4185 577 4234 et
598 4174 758 4235 honorum
779 4172 993 4235 contentiones
1019 4173 1127 4247 factus,

108 4296 145 4345 ut
171 4289 349 4367 puellarum
377 4285 537 4349 amoribus
568 4298 634 4348 toto
665 4299 791 4367 pectore
821 4282 943 4349 deditus
973 4296 1054 4359 erat,
1084 4285 1127 4345 ita
