2468 4838
159 625 273 668 oxavtn
559 610 618 673 DE
642 606 763 674 POESl

157 796 269 846 natura
293 781 417 861 docuit,
448 779 603 866 quaedam
624 800 675 843 are
699 780 828 846 invenit.
879 779 1032 860 Colligam
1055 801 1092 842 ea
1116 781 1176 844 alio

153 899 238 975 loco,
265 918 348 960 nunc
369 899 465 978 seligo
487 918 570 980 quae
591 895 685 957 ltuiua
706 907 779 956 aunt
800 894 872 956 loci.
921 895 967 955 Ac
989 916 1029 956 ne
1053 893 1092 956 dc
1114 896 1174 955 Ex-

152 1011 337 1073 clamatione
360 1009 478 1087 dicam,
502 1011 595 1071 etiam
614 1011 834 1085 interrogatione
856 1006 979 1070 modice
1000 1008 1102 1069 utitur
1123 1009 1175 1068 Ti·

152 1126 258 1187 bullus
271 1137 307 1186 et
328 1126 362 1185 in
381 1123 491 1186 eodem
508 1121 636 1205 quidem
653 1124 724 1185 loco
745 1120 784 1184 ad
802 1141 959 1185 eumarum
977 1132 1038 1183 ter.
1083 1119 1174 1196 Quod

152 1240 246 1319 igitur
271 1261 302 1301 v.
318 1260 346 1301 c.
365 1236 451 1320 apud
471 1237 673 1319 Propertium
696 1248 759 1314 eet,
788 1237 835 1314 Il,
856 1242 917 1314 20,
942 1241 1062 1318 laqq.:

237 1398 321 1476 Quid
345 1398 401 1461 flca
424 1399 557 1463 abducta
580 1399 706 1480 gravius
727 1392 892 1461 Briseide?
921 1394 998 1480 quid
1019 1394 1078 1459 flea

279 1514 384 1576 Anxia
407 1514 526 1597 captiva
548 1513 667 1576 triatiua
689 1506 936 1574 Andromacha?

237 1624 361 1704 Quidve
385 1649 455 1689 mea
480 1625 519 1688 de
544 1624 655 1687 fraude
679 1622 772 1700 deos,
802 1624 930 1701 insana,
964 1616 1101 1700 fatigat?

249 1746 254 1755 ’
279 1738 366 1818 Quid
388 1740 530 1825 quereris
554 1752 693 1802 nostram
714 1738 758 1799 aie
779 1735 925 1799 cecidisse
946 1728 1064 1797 fidem?

151 1919 204 1971 aut
227 1928 297 1969 cum
319 1904 404 1988 apud
422 1903 559 1969 eundem
580 1907 604 1985 I,
623 1913 654 1967 8.
675 1926 734 1988 per
754 1916 825 1967 octo
845 1922 955 1967 varana
974 1902 1054 1966 haec
1073 1900 1174 1963 forma

149 2032 274 2098 regnat,
297 2040 363 2081 non
385 2021 528 2085 inveniar
549 2017 635 2100 apud
648 2018 824 2081 Tibullum.
865 2016 925 2079 llic
941 2014 1040 2079 acmel
1057 2012 1174 2077 diutina

150 2153 220 2194 eam
243 2132 440 2195 continuavit
459 2134 489 2210 l,
509 2138 597 2211 7,13
616 2152 686 2214 aqq.
711 2131 746 2192 ia
769 2129 1007 2193 enumeratione
1030 2130 1173 2193 locorum

148 2264 230 2325 quae
251 2244 386 2305 llleaaala
412 2245 587 2324 pacaverit,
617 2241 704 2326 quod
730 2244 775 2305 ibi
801 2240 962 2322 magnifice
991 2241 1109 2303 factum
1135 2235 1174 2299 ad

146 2354 364 2417 illustrandam
390 2355 599 2417 multitudinis
629 2355 781 2438 speciem3
812 2356 888 2417 aliaa
910 2356 1030 2438 ubique
1056 2354 1174 2434 aimpli-

148 2467 215 2527 cior
244 2480 289 2527 eat
318 2480 348 2527 et
376 2487 453 2528 mox
481 2466 521 2528 ad
549 2469 626 2531 aliae
653 2469 772 2529 formae
799 2469 927 2545 tranait,
962 2464 1059 2530 credo
1089 2463 1173 2549 quod

147 2579 343 2641 artificiosius
372 2592 499 2643 auctum
526 2570 645 2653 saddoc
666 2600 734 2643 non
760 2582 954 2643 amabat-
986 2578 1113 2645 Accedo
1136 2577 1173 2641 ad

147 2694 350 2775 apostrophen,
380 2715 444 2775 qua
470 2712 621 2776 peraaepa
647 2694 763 2770 utitur,
793 2714 866 2756 cum
889 2694 1033 2757 alacritas
1055 2692 1175 2774 ingenii

145 2805 252 2867 vivida
275 2806 459 2884 phantasiae
479 2817 591 2886 poetae
617 2825 704 2867 nunc
727 2806 780 2869 laic
803 2826 889 2869 nunc
911 2805 976 2867 illie
1000 2826 1062 2888 pro
1082 2806 1174 2869 tertia

145 2937 283 2997 persona
310 2915 480 2979 secundam
508 2929 664 2980 cremante
693 2915 808 2982 ardore
836 2918 1003 2995 inferret„
1017 2940 1101 3002 quae
1123 2939 1173 2981 rea

147 3031 240 3091 etiam
264 3030 431 3093 variandae
453 3031 591 3093 orationi
610 3031 743 3111 pulchre
762 3032 903 3095 intervit.
945 3030 999 3097 Sic
1018 3033 1055 3095 ia
1074 3034 1175 3116 priam

146 3142 245 3220 elegia
275 3143 349 3204 libri
380 3143 476 3224 primi
509 3144 683 3226 alloquitur
716 3143 864 3207 Cererem
896 3157 928 3209 et
957 3167 1037 3213 mox
1066 3146 1174 3223 Lama,

145 3250 259 3315 deinde
287 3254 374 3318 lanea
398 3257 573 3338 lupoaque,
601 3267 671 3319 tum
692 3253 800 3335 divoa,
829 3276 928 3339 porro
949 3254 1122 3321 Maculam
1144 3268 1175 3319 et

144 3363 285 3440 Deliam,
307 3379 466 3443 postremo
487 3368 575 3444 tigna
595 3369 765 3450 tubaeque,
788 3369 981 3433 et⁸aimililar
998 3368 1177 3433 iva-cetaria.

142 3474 188 3533 Ac
212 3473 322 3535 doceat
339 3479 520 3556 exanaplum
537 3479 667 3541 allatum
685 3481 780 3543 simul
796 3502 861 3565 quo
879 3484 913 3545 ‘na
930 3502 1048 3562 genere
1064 3502 1175 3547 renam

143 3606 176 3646 se
208 3587 367 3647 contineat
395 3589 516 3650 Tibulli
544 3592 664 3671 poeeis,
699 3594 754 3674 qui
782 3616 840 3656 nec
869 3594 973 3657 sidera
999 3596 1178 3679 alloquitur

143 3717 200 3757 nec
230 3705 336 3759 a'e'rem
366 3713 397 3760 ct
423 3714 552 3778 ventos,
586 3716 640 3766 aut
668 3704 816 3782 flumina,
849 3720 990 3787 montet,
1017 3708 1119 3773 vallea
1146 3720 1179 3771 et

141 3808 271 3888 similia,
297 3832 379 3892 quae
402 3825 433 3874 ct
455 3833 497 3876 ex
518 3815 587 3877 aliis
608 3819 784 3895 generibus·
797 3837 931 3899 poeaeoa
954 3831 1033 3883 nota
1055 3841 1116 3884 nec
1136 3822 1175 3882 ab

141 3920 240 3996 elegia
263 3926 368 3986 aliena
390 3940 475 3990 aunt.
516 3927 587 3993 sed
615 3929 649 3991 in
675 3931 725 3993 laia
748 3932 939 3995 carminibus
964 3934 1075 4001 nullae
1102 3946 1178 3997 aunt

140 4027 178 4087 ad
206 4050 319 4098 rarum
347 4053 494 4103 naturam
520 4040 655 4105 directae
682 4045 840 4124 querelae.
894 4046 1019 4107 Verum
1048 4045 1090 4109 de
1116 4064 1176 4109 ueu

138 4148 351 4223 a1³⁰⁸²r⁰phea
379 4153 474 4217 otiam
502 4153 564 4215 alia
587 4155 731 4218 novanda
757 4155 863 4221 video.
914 4158 1061 4221 Primum
1090 4162 1182 4223 anim

135 4246 307 4327 aliquoties
341 4263 483 4344 lactum,¹
515 4278 551 4328 ut
573 4256 729 4329 'eiusdem
766 4269 902 4335 aubiccti
936 4283 1011 4351 poet
1047 4273 1174 4337 tertiam
