2468 4838
161 640 234 681 actv
567 612 627 674 DE
650 606 769 678 POESI

161 784 313 870 imprimis
335 787 518 863 exornavit3
550 803 624 845 narn
646 781 731 844 inter
756 781 870 864 pocula
892 776 1052 846 caniantur
1075 783 1186 852 laudes

162 904 246 965 ruris
275 915 307 965 et
333 900 488 964 ruralium
516 896 667 977 deorum,
700 909 793 982 atque
822 909 858 959 ut
884 909 956 959 ante
977 897 1130 963 sacrificio
1154 914 1186 964 et

162 1018 325 1098 precibus,
354 1016 399 1077 sic
419 1034 505 1076 nunc
525 1008 757 1093 praedicatione
778 1010 1004 1073 beneficiorum
1024 1013 1186 1075 uberrima

163 1132 363 1195 honorantur
393 1141 424 1192 et
451 1127 665 1210 propitiantur
696 1126 751 1189 dii.
808 1125 957 1188 Alienum
984 1145 1064 1190 vero
1092 1124 1186 1190 etiam

163 1247 215 1307 hic
236 1244 334 1323 nihil;
354 1243 440 1327 ipsos
463 1255 585 1321 autem,
607 1262 687 1326 qaaos
708 1238 804 1304 modo
824 1238 968 1317 distinxi,
989 1238 1071 1303 dnos
1088 1251 1185 1318 actus,

162 1360 358 1442 longitudine
386 1359 615 1436 dissimiliores,
649 1370 742 1440 poeta
768 1357 843 1420 scite
869 1355 976 1422 vivida
1002 1358 1185 1419 mactatione

165 1477 209 1539 sio
233 1475 414 1552 coniunxit,
446 1487 483 1537 ut
502 1496 567 1536 una
590 1473 697 1536 omnia
717 1472 924 1555 perpetuitate
945 1470 1115 1535 decurrant
1139 1473 1187 1532 fa-

165 1589 294 1668 cillime,
330 1600 490 1650 ettamen
520 1587 620 1649 clarae
645 1586 765 1668 ubique
794 1584 963 1649 divisiones
991 1606 1101 1649 rernm
1127 1588 1186 1647 ha·

165 1703 317 1780 beantur,
346 1701 511 1784 proprium
536 1699 623 1784 quod
648 1713 695 1763 est
716 1702 914 1764 Tibullianae
940 1702 1025 1764 artis.
1073 1700 1187 1763 Exitus

166 1816 312 1878 carminis
328 1817 452 1878 nuntiat
470 1816 570 1878 noctis
588 1813 769 1878 adventum.
804 1816 891 1878 Haec
908 1817 1069 1880 hactenus.
1102 1814 1187 1878 Vide

165 1933 229 1993 ianr
256 1933 363 2013 paullo
391 1930 545 1995 diversam
574 1932 708 1994 formam
735 1931 881 1993 carminis
905 1931 950 2009 II,
968 1934 1000 1993 ⁵.
1042 1929 1188 1993 Celebrat

165 2045 310 2107 Tibullus
334 2043 605 2124 inaugurationem
632 2045 794 2109 Messalini
823 2045 857 2106 in
884 2045 1048 2125 collegium
1072 2044 1188 2109 xvci-

166 2178 276 2220 rorum
299 2158 395 2222 modo
417 2159 546 2241 recepti.
596 2159 698 2243 Atque
720 2162 754 2222 in
777 2158 909 2223 exordio
928 2172 1060 2225 vocatur
1071 2161 1188 2243 Apollo

165 2272 344 2349 Palatinus,
373 2283 410 2333 ut
431 2285 561 2334 ornatus
581 2272 763 2354 triumphali
782 2276 874 2336 lauro
897 2272 977 2337 adsit
1003 2275 1189 2338 solennibus

167 2383 321 2450 dicisum
342 2385 460 2448 cithara
480 2384 750 2467 carminibusque,
774 2398 805 2448 et
826 2385 966 2449 admittat
981 2386 1189 2450 Messalinum

167 2498 207 2562 ad
228 2498 434 2564 sacerdotium
454 2520 547 2562 suum
567 2512 597 2562 et
615 2503 793 2563 chartarum
811 2520 968 2563 sacrarum
984 2502 1189 2564 intellectum.

167 2613 289 2692 Quodsi
317 2616 415 2698 elegia
441 2628 479 2678 ut
506 2613 692 2679 antecedens
718 2616 804 2698 ipsos
826 2630 912 2679 actus
934 2616 1006 2680 festi
1030 2613 1188 2694 redderet,

166 2731 201 2792 in
229 2729 333 2793 medio
363 2731 499 2793 carmine
529 2732 592 2793 ianr
618 2744 783 2795 caneretur
810 2730 1009 2810 inauguratio
1037 2732 1126 2813 ipsa,
1157 2741 1189 2791 st

167 2862 233 2904 non
254 2847 332 2905 haec
353 2867 438 2907 nunc
459 2865 509 2908 res
538 2860 606 2908 erat
625 2867 729 2930 neque
752 2846 813 2907 hoc
838 2856 961 2925 poterat
980 2846 1064 2908 velle
1086 2857 1188 2927 posta,

168 2960 225 3040 qui
243 2959 434 3022 luculentius
454 2964 609 3026 honorem
629 2964 690 3026 hoc
708 2959 843 3024 carmine
863 2960 1001 3021 celebrat
1016 2959 1187 3023 Messalino

167 3074 330 3136 tributum.
372 3073 457 3150 Quid
486 3078 580 3158 igitur
606 3074 703 3141 serit?
745 3074 796 3139 De
819 3073 1059 3154 inauguratione
1086 3076 1188 3137 statim

167 3187 203 3246 in
235 3186 368 3250 exordio
410 3189 490 3252 dixit
530 3205 683 3274 quantum
725 3192 815 3267 satis,
853 3186 929 3250 dum
966 3200 1060 3253 vocat
1095 3188 1189 3253 simut

169 3318 263 3361 orans
292 3298 403 3379 datam,
440 3314 476 3364 ut
505 3303 588 3365 sinat
621 3316 746 3382 tangere
773 3302 978 3365 Messalinum
1005 3303 1130 3364 chartas
1158 3312 1190 3364 st

169 3410 280 3475 doceat
299 3416 471 3493 intelligere
494 3419 586 3478 effata
609 3415 757 3497 Sibyllae.
807 3419 845 3480 ln
868 3416 972 3480 medio
992 3430 1099 3479 autem
1121 3436 1190 3479 car-

169 3527 252 3587 mine
271 3548 356 3588 nunc
371 3528 528 3591 illustrare
545 3528 653 3592 debuit
668 3532 889 3610 praestantiam
903 3529 984 3593 sacri
996 3532 1190 3613 Apollinaris

170 3653 202 3701 et
228 3643 321 3703 huius
352 3640 534 3723 sacerdotii,
564 3644 661 3727 idque
685 3649 837 3727 praestitit
862 3647 998 3727 egregie,
1026 3646 1191 3728 praeclara

169 3757 350 3819 inventione
379 3754 502 3819 duabus
530 3759 672 3838 partibus
699 3781 807 3822 rerum
835 3761 940 3836 iactis,
970 3780 1042 3823 cum
1067 3771 1191 3843 tempus

169 3871 417 3952 inaugurationis
438 3873 472 3932 in
493 3892 549 3935 ver
567 3871 734 3949 incideret,
757 3870 1022 3957 quemadmodum
1042 3893 1110 3936 non
1132 3872 1191 3936 dn·

171 3985 248 4046 bito.
305 3983 427 4065 Nempe
456 3984 594 4065 primurn
624 3987 687 4048 iata
716 3987 878 4065 magnilica
905 3988 995 4048 urbis
1025 4000 1193 4062 canuntur,

172 4115 253 4175 qnae
285 4094 363 4158 duce
394 4096 538 4178 Apolline
570 4096 690 4179 Sibylla
720 4099 794 4161 olim
824 4100 1032 4176 nuntiaverit,
1075 4098 1192 4163 deinde

172 4220 282 4270 oratiu-
302 4207 379 4271 deus
401 4223 437 4271 ut
456 4212 550 4274 etiam
567 4212 601 4271 in
622 4226 783 4294 posterum
804 4216 961 4297 propitius
982 4216 1022 4277 sit
1039 4227 1071 4279 et
1091 4216 1194 4280 felicis

172 4322 248 4381 anni
267 4322 369 4385 fausta
389 4325 438 4387 his
459 4325 553 4387 sacris
574 4327 711 4407 auspicia
730 4327 895 4410 praebeat,
917 4328 1075 4391 referente
1096 4341 1196 4411 possa
