<?xml version="1.0" encoding="UTF-8"?>
<!DOCTYPE html PUBLIC "-//W3C//DTD XHTML 1.0 Transitional//EN"
    "http://www.w3.org/TR/xhtml1/DTD/xhtml1-transitional.dtd">
<html xmlns="http://www.w3.org/1999/xhtml" xml:lang="en" lang="en">
 <head>
  <title>
</title>
<meta http-equiv="Content-Type" content="text/html;charset=utf-8" />
  <meta name='ocr-system' content='tesseract 3.04.00' />
  <meta name='ocr-capabilities' content='ocr_page ocr_carea ocr_par ocr_line ocrx_word'/>
</head>
<body>
  <div class='ocr_page' id='page_1' title='image "albiitibullicar00dissgoog_0122.png"; bbox 0 0 2468 4838; ppageno 0'>
   <div class='ocr_carea' id='block_1_1' title="bbox 532 597 1131 667">
    <p class='ocr_par' dir='ltr' id='par_1_1' title="bbox 532 597 1131 667">
     <span class='ocr_line' id='line_1_1' title="bbox 532 597 1131 667; baseline 0.005 -6"><span class='ocrx_word' id='word_1_1' title='bbox 532 597 719 665; x_wconf 82' lang='lat' dir='ltr'>TIBULLI.</span> <span class='ocrx_word' id='word_1_2' title='bbox 1045 626 1131 667; x_wconf 77' lang='lat' dir='ltr'><strong>cxvu</strong></span> 
     </span>
    </p>
   </div>
   <div class='ocr_carea' id='block_1_2' title="bbox 104 771 1131 2347">
    <p class='ocr_par' dir='ltr' id='par_1_2' title="bbox 104 771 1131 2347">
     <span class='ocr_line' id='line_1_2' title="bbox 107 771 1131 861; baseline 0.005 -23"><span class='ocrx_word' id='word_1_3' title='bbox 107 772 192 838; x_wconf 83' lang='lat' dir='ltr'><strong>venit</strong></span> <span class='ocrx_word' id='word_1_4' title='bbox 217 790 288 851; x_wconf 79' lang='lat' dir='ltr'><strong>ree,</strong></span> <span class='ocrx_word' id='word_1_5' title='bbox 318 792 391 837; x_wconf 88' lang='lat' dir='ltr'><strong>cum</strong></span> <span class='ocrx_word' id='word_1_6' title='bbox 411 771 506 855; x_wconf 85' lang='lat' dir='ltr'><strong>inope</strong></span> <span class='ocrx_word' id='word_1_7' title='bbox 532 785 613 837; x_wconf 82' lang='lat' dir='ltr'><strong>eeeet</strong></span> <span class='ocrx_word' id='word_1_8' title='bbox 639 775 880 859; x_wconf 66' lang='lat' dir='ltr'><strong>sententiarum,</strong></span> <span class='ocrx_word' id='word_1_9' title='bbox 911 790 941 842; x_wconf 88' lang='lat' dir='ltr'><strong>ct</strong></span> <span class='ocrx_word' id='word_1_10' title='bbox 961 789 1131 861; x_wconf 80' lang='lat' dir='ltr'><strong>propterea</strong></span> 
     </span>
     <span class='ocr_line' id='line_1_3' title="bbox 105 882 1129 957; baseline 0.004 -6"><span class='ocrx_word' id='word_1_11' title='bbox 105 889 221 951; x_wconf 80' lang='lat' dir='ltr'><strong>iterare</strong></span> <span class='ocrx_word' id='word_1_12' title='bbox 253 882 366 949; x_wconf 88' lang='lat' dir='ltr'><strong>eadem</strong></span> <span class='ocrx_word' id='word_1_13' title='bbox 395 884 566 951; x_wconf 77' lang='lat' dir='ltr'><strong>identidem</strong></span> <span class='ocrx_word' id='word_1_14' title='bbox 595 900 724 951; x_wconf 73' lang='lat' dir='ltr'><strong>amaret.</strong></span> <span class='ocrx_word' id='word_1_15' title='bbox 785 888 867 954; x_wconf 84' lang='lat' dir='ltr'><strong>Sunt</strong></span> <span class='ocrx_word' id='word_1_16' title='bbox 895 890 960 955; x_wconf 89' lang='lat' dir='ltr'><strong>duo</strong></span> <span class='ocrx_word' id='word_1_17' title='bbox 990 893 1129 957; x_wconf 80' lang='lat' dir='ltr'><strong>carmina</strong></span> 
     </span>
     <span class='ocr_line' id='line_1_4' title="bbox 106 1000 1128 1084; baseline 0.002 -17"><span class='ocrx_word' id='word_1_18' title='bbox 106 1002 202 1067; x_wconf 80' lang='lat' dir='ltr'><strong>ituiue</strong></span> <span class='ocrx_word' id='word_1_19' title='bbox 222 1000 359 1083; x_wconf 74' lang='lat' dir='ltr'><strong>genet-ie.</strong></span> <span class='ocrx_word' id='word_1_20' title='bbox 406 1000 444 1061; x_wconf 88' lang='lat' dir='ltr'><strong>In</strong></span> <span class='ocrx_word' id='word_1_21' title='bbox 465 1000 564 1082; x_wconf 75' lang='lat' dir='ltr'><strong>elegia</strong></span> <span class='ocrx_word' id='word_1_22' title='bbox 582 1006 682 1084; x_wconf 72' lang='lat' dir='ltr'><strong>quirun</strong></span> <span class='ocrx_word' id='word_1_23' title='bbox 700 1014 795 1083; x_wconf 83' lang='lat' dir='ltr'><strong>poete</strong></span> <span class='ocrx_word' id='word_1_24' title='bbox 817 1005 899 1069; x_wconf 81' lang='lat' dir='ltr'><strong>febri</strong></span> <span class='ocrx_word' id='word_1_25' title='bbox 918 1007 1067 1069; x_wconf 77' lang='lat' dir='ltr'><strong>laborant</strong></span> <span class='ocrx_word' id='word_1_26' title='bbox 1088 1005 1128 1069; x_wconf 88' lang='lat' dir='ltr'><strong>de</strong></span> 
     </span>
     <span class='ocr_line' id='line_1_5' title="bbox 105 1114 1129 1205; baseline 0.006 -26"><span class='ocrx_word' id='word_1_27' title='bbox 105 1116 218 1181; x_wconf 67' lang='lat' dir='ltr'><strong>mertis</strong></span> <span class='ocrx_word' id='word_1_28' title='bbox 247 1114 391 1197; x_wconf 80' lang='lat' dir='ltr'><strong>paritario</strong></span> <span class='ocrx_word' id='word_1_29' title='bbox 419 1117 582 1199; x_wconf 88' lang='lat' dir='ltr'><strong>queritur,</strong></span> <span class='ocrx_word' id='word_1_30' title='bbox 620 1118 736 1200; x_wconf 86' lang='lat' dir='ltr'><strong>ecripta</strong></span> <span class='ocrx_word' id='word_1_31' title='bbox 767 1118 809 1181; x_wconf 87' lang='lat' dir='ltr'><strong>ad</strong></span> <span class='ocrx_word' id='word_1_32' title='bbox 838 1121 970 1201; x_wconf 80' lang='lat' dir='ltr'><strong>amicae,</strong></span> <span class='ocrx_word' id='word_1_33' title='bbox 1007 1123 1065 1205; x_wconf 88' lang='lat' dir='ltr'><strong>qui</strong></span> <span class='ocrx_word' id='word_1_34' title='bbox 1093 1122 1129 1185; x_wconf 87' lang='lat' dir='ltr'><strong>in</strong></span> 
     </span>
     <span class='ocr_line' id='line_1_6' title="bbox 105 1229 1128 1315; baseline 0.005 -22"><span class='ocrx_word' id='word_1_35' title='bbox 105 1232 246 1295; x_wconf 53' lang='lat' dir='ltr'><strong>&amp;rutae</strong></span> <span class='ocrx_word' id='word_1_36' title='bbox 270 1229 417 1293; x_wconf 83' lang='lat' dir='ltr'><strong>Etnuiee</strong></span> <span class='ocrx_word' id='word_1_37' title='bbox 442 1230 597 1294; x_wconf 86' lang='lat' dir='ltr'><strong>abierant.</strong></span> <span class='ocrx_word' id='word_1_38' title='bbox 644 1230 691 1295; x_wconf 81' lang='lat' dir='ltr'><strong>Ac</strong></span> <span class='ocrx_word' id='word_1_39' title='bbox 715 1233 854 1313; x_wconf 86' lang='lat' dir='ltr'><strong>primum</strong></span> <span class='ocrx_word' id='word_1_40' title='bbox 879 1246 1027 1315; x_wconf 80' lang='lat' dir='ltr'>precatur</span> <span class='ocrx_word' id='word_1_41' title='bbox 1048 1237 1128 1297; x_wconf 88' lang='lat' dir='ltr'><strong>Pro-</strong></span> 
     </span>
     <span class='ocr_line' id='line_1_7' title="bbox 105 1346 1130 1429; baseline 0.001 -19"><span class='ocrx_word' id='word_1_42' title='bbox 105 1348 270 1429; x_wconf 79' lang='lat' dir='ltr'><strong>aerpinam</strong></span> <span class='ocrx_word' id='word_1_43' title='bbox 294 1359 330 1411; x_wconf 87' lang='lat' dir='ltr'><strong>ut</strong></span> <span class='ocrx_word' id='word_1_44' title='bbox 351 1357 461 1427; x_wconf 76' lang='lat' dir='ltr'><strong>parcat</strong></span> <span class='ocrx_word' id='word_1_45' title='bbox 479 1346 580 1425; x_wconf 78' lang='lat' dir='ltr'><strong>uitae,</strong></span> <span class='ocrx_word' id='word_1_46' title='bbox 610 1367 681 1411; x_wconf 82' lang='lat' dir='ltr'><strong>cunt</strong></span> <span class='ocrx_word' id='word_1_47' title='bbox 701 1348 783 1411; x_wconf 86' lang='lat' dir='ltr'><strong>nihii</strong></span> <span class='ocrx_word' id='word_1_48' title='bbox 802 1349 953 1412; x_wconf 86' lang='lat' dir='ltr'><strong>meruerit</strong></span> <span class='ocrx_word' id='word_1_49' title='bbox 972 1360 1005 1411; x_wconf 89' lang='lat' dir='ltr'><strong>et</strong></span> <span class='ocrx_word' id='word_1_50' title='bbox 1027 1346 1130 1411; x_wconf 80' lang='lat' dir='ltr'><strong>adhuc</strong></span> 
     </span>
     <span class='ocr_line' id='line_1_8' title="bbox 106 1460 1129 1544; baseline 0 -19"><span class='ocrx_word' id='word_1_51' title='bbox 106 1460 232 1527; x_wconf 71' lang='lat' dir='ltr'><strong>iuvenis</strong></span> <span class='ocrx_word' id='word_1_52' title='bbox 252 1460 310 1539; x_wconf 87' lang='lat' dir='ltr'><strong>eit,</strong></span> <span class='ocrx_word' id='word_1_53' title='bbox 336 1470 406 1523; x_wconf 76' lang='lat' dir='ltr'><strong>utut</strong></span> <span class='ocrx_word' id='word_1_54' title='bbox 425 1462 539 1543; x_wconf 88' lang='lat' dir='ltr'><strong>repetit</strong></span> <span class='ocrx_word' id='word_1_55' title='bbox 558 1478 667 1543; x_wconf 76' lang='lat' dir='ltr'><strong>precer</strong></span> <span class='ocrx_word' id='word_1_56' title='bbox 687 1482 749 1543; x_wconf 81' lang='lat' dir='ltr'><strong>pru</strong></span> <span class='ocrx_word' id='word_1_57' title='bbox 769 1464 869 1525; x_wconf 86' lang='lat' dir='ltr'><strong>ealute</strong></span> <span class='ocrx_word' id='word_1_58' title='bbox 889 1464 1035 1544; x_wconf 85' lang='lat' dir='ltr'><strong>pluribue</strong></span> <span class='ocrx_word' id='word_1_59' title='bbox 1057 1484 1129 1527; x_wconf 80' lang='lat' dir='ltr'><strong>ver·</strong></span> 
     </span>
     <span class='ocr_line' id='line_1_9' title="bbox 105 1572 1129 1661; baseline 0.001 -23"><span class='ocrx_word' id='word_1_60' title='bbox 105 1576 172 1652; x_wconf 81' lang='lat' dir='ltr'><strong>bie,</strong></span> <span class='ocrx_word' id='word_1_61' title='bbox 200 1593 374 1637; x_wconf 74' lang='lat' dir='ltr'><strong>conversus</strong></span> <span class='ocrx_word' id='word_1_62' title='bbox 395 1594 482 1637; x_wconf 86' lang='lat' dir='ltr'><strong>nunc</strong></span> <span class='ocrx_word' id='word_1_63' title='bbox 503 1573 634 1638; x_wconf 84' lang='lat' dir='ltr'><strong>omnino</strong></span> <span class='ocrx_word' id='word_1_64' title='bbox 656 1572 696 1636; x_wconf 88' lang='lat' dir='ltr'><strong>ad</strong></span> <span class='ocrx_word' id='word_1_65' title='bbox 717 1577 838 1641; x_wconf 76' lang='lat' dir='ltr'><strong>iaaferoe</strong></span> <span class='ocrx_word' id='word_1_66' title='bbox 862 1575 955 1654; x_wconf 78' lang='lat' dir='ltr'><strong>deut,</strong></span> <span class='ocrx_word' id='word_1_67' title='bbox 983 1574 1129 1661; x_wconf 86' lang='lat' dir='ltr'><strong>reditque</strong></span> 
     </span>
     <span class='ocr_line' id='line_1_10' title="bbox 106 1684 1129 1769; baseline 0.006 -20"><span class='ocrx_word' id='word_1_68' title='bbox 106 1688 201 1749; x_wconf 76' lang='lat' dir='ltr'><strong>ctiam</strong></span> <span class='ocrx_word' id='word_1_69' title='bbox 237 1684 280 1749; x_wconf 88' lang='lat' dir='ltr'><strong>ad</strong></span> <span class='ocrx_word' id='word_1_70' title='bbox 316 1688 539 1751; x_wconf 78' lang='lat' dir='ltr'><strong>allocutionem</strong></span> <span class='ocrx_word' id='word_1_71' title='bbox 575 1688 748 1751; x_wconf 75' lang='lat' dir='ltr'><strong>anticorum</strong></span> <span class='ocrx_word' id='word_1_72' title='bbox 786 1690 877 1753; x_wconf 85' lang='lat' dir='ltr'><strong>initio</strong></span> <span class='ocrx_word' id='word_1_73' title='bbox 914 1694 1129 1769; x_wconf 75' lang='lat' dir='ltr'><strong>salutatorum,</strong></span> 
     </span>
     <span class='ocr_line' id='line_1_11' title="bbox 107 1802 1129 1889; baseline 0.002 -22"><span class='ocrx_word' id='word_1_74' title='bbox 107 1803 226 1889; x_wconf 85' lang='lat' dir='ltr'><strong>quibua</strong></span> <span class='ocrx_word' id='word_1_75' title='bbox 238 1802 368 1867; x_wconf 84' lang='lat' dir='ltr'><strong>mandet</strong></span> <span class='ocrx_word' id='word_1_76' title='bbox 383 1803 571 1881; x_wconf 82' lang='lat' dir='ltr'><strong>valedicene,</strong></span> <span class='ocrx_word' id='word_1_77' title='bbox 591 1817 628 1867; x_wconf 90' lang='lat' dir='ltr'><strong>ut</strong></span> <span class='ocrx_word' id='word_1_78' title='bbox 644 1805 714 1869; x_wconf 90' lang='lat' dir='ltr'><strong>Diti</strong></span> <span class='ocrx_word' id='word_1_79' title='bbox 730 1806 914 1869; x_wconf 74' lang='lat' dir='ltr'><strong>sacrificium</strong></span> <span class='ocrx_word' id='word_1_80' title='bbox 933 1806 1129 1887; x_wconf 81' lang='lat' dir='ltr'><strong>promittant.</strong></span> 
     </span>
     <span class='ocr_line' id='line_1_12' title="bbox 106 1915 1128 1999; baseline 0.001 -18"><span class='ocrx_word' id='word_1_81' title='bbox 106 1915 208 1982; x_wconf 71' lang='lat' dir='ltr'><strong>Videt</strong></span> <span class='ocrx_word' id='word_1_82' title='bbox 236 1916 495 1999; x_wconf 79' lang='lat' dir='ltr'><strong>competitionem</strong></span> <span class='ocrx_word' id='word_1_83' title='bbox 524 1918 641 1999; x_wconf 71' lang='lat' dir='ltr'><strong>elegiae</strong></span> <span class='ocrx_word' id='word_1_84' title='bbox 671 1938 740 1983; x_wconf 89' lang='lat' dir='ltr'><strong>nun</strong></span> <span class='ocrx_word' id='word_1_85' title='bbox 769 1921 881 1983; x_wconf 83' lang='lat' dir='ltr'><strong>atalae.</strong></span> <span class='ocrx_word' id='word_1_86' title='bbox 935 1918 1017 1983; x_wconf 85' lang='lat' dir='ltr'><strong>Sunt</strong></span> <span class='ocrx_word' id='word_1_87' title='bbox 1046 1917 1128 1983; x_wconf 87' lang='lat' dir='ltr'><strong>duee</strong></span> 
     </span>
     <span class='ocr_line' id='line_1_13' title="bbox 106 2032 1127 2116; baseline 0.002 -19"><span class='ocrx_word' id='word_1_88' title='bbox 106 2032 241 2097; x_wconf 81' lang='lat' dir='ltr'><strong>annino</strong></span> <span class='ocrx_word' id='word_1_89' title='bbox 261 2044 386 2115; x_wconf 74' lang='lat' dir='ltr'><strong>perteue</strong></span> <span class='ocrx_word' id='word_1_90' title='bbox 414 2032 581 2097; x_wconf 82' lang='lat' dir='ltr'>exordium</span> <span class='ocrx_word' id='word_1_91' title='bbox 605 2046 784 2116; x_wconf 70' lang='lat' dir='ltr'><strong>separatum</strong></span> <span class='ocrx_word' id='word_1_92' title='bbox 803 2056 871 2099; x_wconf 89' lang='lat' dir='ltr'><strong>non</strong></span> <span class='ocrx_word' id='word_1_93' title='bbox 892 2038 1042 2116; x_wconf 78' lang='lat' dir='ltr'><strong>hebentr,</strong></span> <span class='ocrx_word' id='word_1_94' title='bbox 1071 2036 1127 2101; x_wconf 83' lang='lat' dir='ltr'><strong>aed</strong></span> 
     </span>
     <span class='ocr_line' id='line_1_14' title="bbox 105 2146 1127 2233; baseline 0.004 -22"><span class='ocrx_word' id='word_1_95' title='bbox 105 2146 248 2213; x_wconf 80' lang='lat' dir='ltr'><strong>decurrit</strong></span> <span class='ocrx_word' id='word_1_96' title='bbox 274 2148 440 2213; x_wconf 79' lang='lat' dir='ltr'><strong>manifecte</strong></span> <span class='ocrx_word' id='word_1_97' title='bbox 466 2171 533 2213; x_wconf 87' lang='lat' dir='ltr'><strong>una</strong></span> <span class='ocrx_word' id='word_1_98' title='bbox 558 2152 751 2233; x_wconf 71' lang='lat' dir='ltr'><strong>perpetuitee</strong></span> <span class='ocrx_word' id='word_1_99' title='bbox 778 2172 886 2215; x_wconf 84' lang='lat' dir='ltr'><strong>rerum</strong></span> <span class='ocrx_word' id='word_1_100' title='bbox 910 2154 951 2215; x_wconf 86' lang='lat' dir='ltr'><strong>ab</strong></span> <span class='ocrx_word' id='word_1_101' title='bbox 971 2152 1063 2216; x_wconf 84' lang='lat' dir='ltr'><strong>initia</strong></span> <span class='ocrx_word' id='word_1_102' title='bbox 1087 2152 1127 2215; x_wconf 85' lang='lat' dir='ltr'><strong>ad</strong></span> 
     </span>
     <span class='ocr_line' id='line_1_15' title="bbox 104 2263 1128 2347; baseline -0.004 -18"><span class='ocrx_word' id='word_1_103' title='bbox 104 2270 220 2343; x_wconf 76' lang='lat' dir='ltr'><strong>u.2⁰.,</strong></span> <span class='ocrx_word' id='word_1_104' title='bbox 247 2274 317 2327; x_wconf 79' lang='lat' dir='ltr'><strong>tuan</strong></span> <span class='ocrx_word' id='word_1_105' title='bbox 336 2263 481 2347; x_wconf 75' lang='lat' dir='ltr'><strong>nequitur</strong></span> <span class='ocrx_word' id='word_1_106' title='bbox 500 2266 598 2327; x_wconf 79' lang='lat' dir='ltr'><strong>altere</strong></span> <span class='ocrx_word' id='word_1_107' title='bbox 618 2284 693 2344; x_wconf 83' lang='lat' dir='ltr'><strong>pere</strong></span> <span class='ocrx_word' id='word_1_108' title='bbox 713 2284 786 2327; x_wconf 87' lang='lat' dir='ltr'><strong>cum</strong></span> <span class='ocrx_word' id='word_1_109' title='bbox 808 2266 912 2341; x_wconf 84' lang='lat' dir='ltr'><strong>exitu,</strong></span> <span class='ocrx_word' id='word_1_110' title='bbox 938 2266 994 2327; x_wconf 88' lang='lat' dir='ltr'><strong>ubi</strong></span> <span class='ocrx_word' id='word_1_111' title='bbox 1016 2265 1128 2327; x_wconf 79' lang='lat' dir='ltr'><strong>furtiue</strong></span> 
     </span>
    </p>
   </div>
   <div class='ocr_carea' id='block_1_3' title="bbox 104 2375 1130 2574">
    <p class='ocr_par' dir='ltr' id='par_1_3' title="bbox 104 2375 1130 2574">
     <span class='ocr_line' id='line_1_16' title="bbox 104 2375 1129 2478; baseline -0.002 -37"><span class='ocrx_word' id='word_1_112' title='bbox 104 2376 243 2441; x_wconf 84' lang='lat' dir='ltr'><strong>redeunt</strong></span> <span class='ocrx_word' id='word_1_113' title='bbox 269 2398 380 2459; x_wconf 77' lang='lat' dir='ltr'><strong>precer</strong></span> <span class='ocrx_word' id='word_1_114' title='bbox 407 2390 440 2441; x_wconf 86' lang='lat' dir='ltr'><strong>et</strong></span> <span class='ocrx_word' id='word_1_115' title='bbox 464 2391 541 2478; x_wconf 73' lang='lat' dir='ltr'><strong>uota</strong></span> <span class='ocrx_word' id='word_1_116' title='bbox 566 2396 627 2459; x_wconf 80' lang='lat' dir='ltr'><strong>pru</strong></span> <span class='ocrx_word' id='word_1_117' title='bbox 655 2376 737 2455; x_wconf 82' lang='lat' dir='ltr'><strong>vita,</strong></span> <span class='ocrx_word' id='word_1_118' title='bbox 776 2377 894 2459; x_wconf 81' lang='lat' dir='ltr'><strong>quibua</strong></span> <span class='ocrx_word' id='word_1_119' title='bbox 922 2397 1007 2441; x_wconf 87' lang='lat' dir='ltr'><strong>nunc</strong></span> <span class='ocrx_word' id='word_1_120' title='bbox 1035 2375 1129 2439; x_wconf 87' lang='lat' dir='ltr'><strong>ctiam</strong></span> 
     </span>
     <span class='ocr_line' id='line_1_17' title="bbox 105 2491 1130 2574; baseline -0.002 -17"><span class='ocrx_word' id='word_1_121' title='bbox 105 2494 200 2557; x_wconf 83' lang='lat' dir='ltr'><strong>amici</strong></span> <span class='ocrx_word' id='word_1_122' title='bbox 219 2513 403 2557; x_wconf 84' lang='lat' dir='ltr'><strong>euceurrere</strong></span> <span class='ocrx_word' id='word_1_123' title='bbox 422 2494 574 2555; x_wconf 87' lang='lat' dir='ltr'><strong>iubentur</strong></span> <span class='ocrx_word' id='word_1_124' title='bbox 588 2492 750 2556; x_wconf 81' lang='lat' dir='ltr'><strong>eacrificio.</strong></span> <span class='ocrx_word' id='word_1_125' title='bbox 791 2494 838 2555; x_wconf 83' lang='lat' dir='ltr'><strong>Ac</strong></span> <span class='ocrx_word' id='word_1_126' title='bbox 858 2491 939 2554; x_wconf 83' lang='lat' dir='ltr'><strong>nihii</strong></span> <span class='ocrx_word' id='word_1_127' title='bbox 958 2493 1017 2553; x_wconf 83' lang='lat' dir='ltr'><strong>hec</strong></span> <span class='ocrx_word' id='word_1_128' title='bbox 1036 2512 1130 2574; x_wconf 86' lang='lat' dir='ltr'><strong>repe·</strong></span> 
     </span>
    </p>
   </div>
   <div class='ocr_carea' id='block_1_4' title="bbox 102 2608 1129 4405">
    <p class='ocr_par' dir='ltr' id='par_1_4' title="bbox 102 2608 1129 4405">
     <span class='ocr_line' id='line_1_18' title="bbox 104 2608 1127 2689; baseline -0.003 -17"><span class='ocrx_word' id='word_1_129' title='bbox 104 2608 218 2672; x_wconf 89' lang='lat' dir='ltr'><strong>titione</strong></span> <span class='ocrx_word' id='word_1_130' title='bbox 249 2608 353 2689; x_wconf 85' lang='lat' dir='ltr'><strong>eptiue</strong></span> <span class='ocrx_word' id='word_1_131' title='bbox 383 2608 417 2669; x_wconf 92' lang='lat' dir='ltr'><strong>in</strong></span> <span class='ocrx_word' id='word_1_132' title='bbox 450 2608 505 2669; x_wconf 90' lang='lat' dir='ltr'><strong>tali</strong></span> <span class='ocrx_word' id='word_1_133' title='bbox 535 2620 719 2687; x_wconf 84' lang='lat' dir='ltr'><strong>argumento</strong></span> <span class='ocrx_word' id='word_1_134' title='bbox 752 2619 783 2669; x_wconf 94' lang='lat' dir='ltr'><strong>et</strong></span> <span class='ocrx_word' id='word_1_135' title='bbox 812 2608 845 2668; x_wconf 92' lang='lat' dir='ltr'><strong>in</strong></span> <span class='ocrx_word' id='word_1_136' title='bbox 875 2608 931 2669; x_wconf 89' lang='lat' dir='ltr'><strong>tali</strong></span> <span class='ocrx_word' id='word_1_137' title='bbox 960 2608 1127 2670; x_wconf 76' lang='lat' dir='ltr'><strong>anxietate.</strong></span> 
     </span>
     <span class='ocr_line' id='line_1_19' title="bbox 104 2718 1126 2806; baseline -0.006 -19"><span class='ocrx_word' id='word_1_138' title='bbox 104 2724 192 2789; x_wconf 84' lang='lat' dir='ltr'><strong>Haec</strong></span> <span class='ocrx_word' id='word_1_139' title='bbox 214 2724 242 2787; x_wconf 88' lang='lat' dir='ltr'><strong>ei</strong></span> <span class='ocrx_word' id='word_1_140' title='bbox 258 2723 420 2806; x_wconf 85' lang='lat' dir='ltr'><strong>Spohniua</strong></span> <span class='ocrx_word' id='word_1_141' title='bbox 442 2720 683 2799; x_wconf 67' lang='lat' dir='ltr'><strong>consideratam,</strong></span> <span class='ocrx_word' id='word_1_142' title='bbox 706 2741 771 2784; x_wconf 89' lang='lat' dir='ltr'><strong>non</strong></span> <span class='ocrx_word' id='word_1_143' title='bbox 792 2718 978 2802; x_wconf 82' lang='lat' dir='ltr'><strong>perdidieeet</strong></span> <span class='ocrx_word' id='word_1_144' title='bbox 1000 2742 1126 2801; x_wconf 85' lang='lat' dir='ltr'><strong>operam</strong></span> 
     </span>
     <span class='ocr_line' id='line_1_20' title="bbox 105 2832 1127 2919; baseline -0.009 -16"><span class='ocrx_word' id='word_1_145' title='bbox 105 2836 286 2904; x_wconf 82' lang='lat' dir='ltr'><strong>amoliendo</strong></span> <span class='ocrx_word' id='word_1_146' title='bbox 307 2840 379 2899; x_wconf 90' lang='lat' dir='ltr'><strong>loco</strong></span> <span class='ocrx_word' id='word_1_147' title='bbox 403 2858 434 2900; x_wconf 85' lang='lat' dir='ltr'><strong>u.</strong></span> <span class='ocrx_word' id='word_1_148' title='bbox 449 2842 586 2915; x_wconf 85' lang='lat'><strong>15-20,</strong></span> <span class='ocrx_word' id='word_1_149' title='bbox 614 2837 648 2899; x_wconf 88' lang='lat' dir='ltr'><strong>in</strong></span> <span class='ocrx_word' id='word_1_150' title='bbox 673 2856 738 2919; x_wconf 84' lang='lat' dir='ltr'><strong>quo</strong></span> <span class='ocrx_word' id='word_1_151' title='bbox 761 2836 821 2899; x_wconf 86' lang='lat' dir='ltr'><strong>hoc</strong></span> <span class='ocrx_word' id='word_1_152' title='bbox 847 2832 976 2919; x_wconf 82' lang='lat' dir='ltr'><strong>quidem</strong></span> <span class='ocrx_word' id='word_1_153' title='bbox 1000 2834 1127 2897; x_wconf 85' lang='lat' dir='ltr'><strong>nomine</strong></span> 
     </span>
     <span class='ocr_line' id='line_1_21' title="bbox 106 2948 1126 3027; baseline -0.012 -6"><span class='ocrx_word' id='word_1_154' title='bbox 106 2957 185 3021; x_wconf 79' lang='lat' dir='ltr'><strong>nini}</strong></span> <span class='ocrx_word' id='word_1_155' title='bbox 212 2952 409 3018; x_wconf 74' lang='lat' dir='ltr'><strong>offensionis.</strong></span> <span class='ocrx_word' id='word_1_156' title='bbox 458 2950 539 3015; x_wconf 84' lang='lat' dir='ltr'><strong>Sutia</strong></span> <span class='ocrx_word' id='word_1_157' title='bbox 564 2950 602 3013; x_wconf 90' lang='lat' dir='ltr'><strong>dc</strong></span> <span class='ocrx_word' id='word_1_158' title='bbox 628 2952 688 3013; x_wconf 85' lang='lat' dir='ltr'><strong>hie.</strong></span> <span class='ocrx_word' id='word_1_159' title='bbox 737 2949 800 3013; x_wconf 88' lang='lat' dir='ltr'><strong>Sed</strong></span> <span class='ocrx_word' id='word_1_160' title='bbox 830 2948 969 3013; x_wconf 78' lang='lat' dir='ltr'><strong>eiusdem</strong></span> <span class='ocrx_word' id='word_1_161' title='bbox 996 2950 1126 3027; x_wconf 82' lang='lat' dir='ltr'><strong>formae,</strong></span> 
     </span>
     <span class='ocr_line' id='line_1_22' title="bbox 103 3064 1127 3151; baseline -0.007 -19"><span class='ocrx_word' id='word_1_162' title='bbox 103 3070 196 3151; x_wconf 70' lang='lat' dir='ltr'><strong>lunge</strong></span> <span class='ocrx_word' id='word_1_163' title='bbox 213 3088 293 3133; x_wconf 80' lang='lat' dir='ltr'><strong>veru</strong></span> <span class='ocrx_word' id='word_1_164' title='bbox 311 3064 464 3142; x_wconf 70' lang='lat' dir='ltr'><strong>deterius,</strong></span> <span class='ocrx_word' id='word_1_165' title='bbox 483 3078 530 3127; x_wconf 84' lang='lat' dir='ltr'><strong>eet</strong></span> <span class='ocrx_word' id='word_1_166' title='bbox 549 3084 674 3127; x_wconf 80' lang='lat' dir='ltr'><strong>caranen</strong></span> <span class='ocrx_word' id='word_1_167' title='bbox 692 3070 814 3127; x_wconf 73' lang='lat' dir='ltr'><strong>tanum.</strong></span> <span class='ocrx_word' id='word_1_168' title='bbox 853 3064 978 3127; x_wconf 79' lang='lat' dir='ltr'><strong>Neaera</strong></span> <span class='ocrx_word' id='word_1_169' title='bbox 996 3066 1127 3143; x_wconf 86' lang='lat' dir='ltr'><strong>coniuge</strong></span> 
     </span>
     <span class='ocr_line' id='line_1_23' title="bbox 104 3174 1129 3265; baseline -0.007 -21"><span class='ocrx_word' id='word_1_170' title='bbox 104 3202 199 3265; x_wconf 78' lang='lat' dir='ltr'><strong>peeec</strong></span> <span class='ocrx_word' id='word_1_171' title='bbox 220 3181 288 3243; x_wconf 84' lang='lat' dir='ltr'><strong>irui</strong></span> <span class='ocrx_word' id='word_1_172' title='bbox 309 3200 465 3243; x_wconf 78' lang='lat' dir='ltr'><strong>nummum</strong></span> <span class='ocrx_word' id='word_1_173' title='bbox 491 3189 604 3260; x_wconf 83' lang='lat' dir='ltr'><strong>poetae</strong></span> <span class='ocrx_word' id='word_1_174' title='bbox 629 3179 749 3239; x_wconf 81' lang='lat' dir='ltr'><strong>bonum</strong></span> <span class='ocrx_word' id='word_1_175' title='bbox 770 3175 912 3255; x_wconf 80' lang='lat' dir='ltr'><strong>uidetur,</strong></span> <span class='ocrx_word' id='word_1_176' title='bbox 941 3174 1029 3260; x_wconf 89' lang='lat' dir='ltr'><strong>quod</strong></span> <span class='ocrx_word' id='word_1_177' title='bbox 1051 3198 1129 3260; x_wconf 89' lang='lat' dir='ltr'><strong>que·</strong></span> 
     </span>
     <span class='ocr_line' id='line_1_24' title="bbox 104 3292 1129 3378; baseline -0.009 -15"><span class='ocrx_word' id='word_1_178' title='bbox 104 3301 188 3363; x_wconf 88' lang='lat' dir='ltr'><strong>ritur</strong></span> <span class='ocrx_word' id='word_1_179' title='bbox 219 3294 363 3361; x_wconf 87' lang='lat' dir='ltr'><strong>nendum</strong></span> <span class='ocrx_word' id='word_1_180' title='bbox 391 3306 516 3378; x_wconf 82' lang='lat' dir='ltr'><strong>partum</strong></span> <span class='ocrx_word' id='word_1_181' title='bbox 545 3294 690 3376; x_wconf 74' lang='lat' dir='ltr'><strong>precibu·</strong></span> <span class='ocrx_word' id='word_1_182' title='bbox 716 3304 747 3354; x_wconf 88' lang='lat' dir='ltr'><strong>et</strong></span> <span class='ocrx_word' id='word_1_183' title='bbox 768 3304 855 3371; x_wconf 85' lang='lat' dir='ltr'><strong>turc,</strong></span> <span class='ocrx_word' id='word_1_184' title='bbox 881 3304 914 3355; x_wconf 91' lang='lat' dir='ltr'><strong>et</strong></span> <span class='ocrx_word' id='word_1_185' title='bbox 934 3292 996 3353; x_wconf 84' lang='lat' dir='ltr'><strong>niei</strong></span> <span class='ocrx_word' id='word_1_186' title='bbox 1018 3313 1129 3355; x_wconf 84' lang='lat' dir='ltr'><strong>conae-</strong></span> 
     </span>
     <span class='ocr_line' id='line_1_25' title="bbox 105 3402 1128 3497; baseline -0.007 -20"><span class='ocrx_word' id='word_1_187' title='bbox 105 3425 240 3497; x_wconf 81' lang='lat' dir='ltr'><strong>quetur,</strong></span> <span class='ocrx_word' id='word_1_188' title='bbox 267 3411 352 3476; x_wconf 77' lang='lat' dir='ltr'><strong>vitae</strong></span> <span class='ocrx_word' id='word_1_189' title='bbox 373 3408 561 3491; x_wconf 71' lang='lat' dir='ltr'><strong>deprecetur</strong></span> <span class='ocrx_word' id='word_1_190' title='bbox 584 3427 711 3471; x_wconf 85' lang='lat' dir='ltr'><strong>munue.</strong></span> <span class='ocrx_word' id='word_1_191' title='bbox 752 3402 886 3473; x_wconf 86' lang='lat' dir='ltr'><strong>Orditur</strong></span> <span class='ocrx_word' id='word_1_192' title='bbox 903 3406 978 3469; x_wconf 80' lang='lat' dir='ltr'><strong>hinc</strong></span> <span class='ocrx_word' id='word_1_193' title='bbox 1000 3420 1037 3469; x_wconf 92' lang='lat' dir='ltr'><strong>ut</strong></span> <span class='ocrx_word' id='word_1_194' title='bbox 1055 3427 1128 3488; x_wconf 85' lang='lat' dir='ltr'><strong>pre·</strong></span> 
     </span>
     <span class='ocr_line' id='line_1_26' title="bbox 105 3519 1127 3603; baseline -0.007 -14"><span class='ocrx_word' id='word_1_195' title='bbox 105 3546 156 3589; x_wconf 82' lang='lat' dir='ltr'><strong>aaa</strong></span> <span class='ocrx_word' id='word_1_196' title='bbox 185 3536 219 3587; x_wconf 87' lang='lat' dir='ltr'><strong>ct</strong></span> <span class='ocrx_word' id='word_1_197' title='bbox 246 3535 321 3588; x_wconf 83' lang='lat' dir='ltr'><strong>tura</strong></span> <span class='ocrx_word' id='word_1_198' title='bbox 345 3523 425 3585; x_wconf 82' lang='lat' dir='ltr'><strong>atuit</strong></span> <span class='ocrx_word' id='word_1_199' title='bbox 450 3519 599 3603; x_wconf 74' lang='lat' dir='ltr'><strong>protam</strong></span> <span class='ocrx_word' id='word_1_200' title='bbox 627 3532 795 3603; x_wconf 83' lang='lat' dir='ltr'><strong>queretur,</strong></span> <span class='ocrx_word' id='word_1_201' title='bbox 823 3542 897 3585; x_wconf 87' lang='lat' dir='ltr'><strong>cum</strong></span> <span class='ocrx_word' id='word_1_202' title='bbox 921 3534 1026 3585; x_wconf 83' lang='lat' dir='ltr'><strong>teman</strong></span> <span class='ocrx_word' id='word_1_203' title='bbox 1052 3540 1127 3601; x_wconf 83' lang='lat' dir='ltr'><strong>epae</strong></span> 
     </span>
     <span class='ocr_line' id='line_1_27' title="bbox 105 3632 1126 3723; baseline -0.012 -18"><span class='ocrx_word' id='word_1_204' title='bbox 105 3660 171 3705; x_wconf 86' lang='lat' dir='ltr'><strong>nen</strong></span> <span class='ocrx_word' id='word_1_205' title='bbox 191 3640 350 3723; x_wconf 72' lang='lat' dir='ltr'><strong>parturiet,</strong></span> <span class='ocrx_word' id='word_1_206' title='bbox 375 3633 432 3701; x_wconf 83' lang='lat' dir='ltr'><strong>aad</strong></span> <span class='ocrx_word' id='word_1_207' title='bbox 451 3636 555 3701; x_wconf 79' lang='lat' dir='ltr'><strong>telum</strong></span> <span class='ocrx_word' id='word_1_208' title='bbox 576 3632 757 3715; x_wconf 73' lang='lat' dir='ltr'><strong>coniugium</strong></span> <span class='ocrx_word' id='word_1_209' title='bbox 776 3634 918 3699; x_wconf 87' lang='lat' dir='ltr'><strong>Neaerae</strong></span> <span class='ocrx_word' id='word_1_210' title='bbox 939 3636 1055 3715; x_wconf 85' lang='lat' dir='ltr'><strong>cupiat.</strong></span> <span class='ocrx_word' id='word_1_211' title='bbox 1090 3634 1126 3693; x_wconf 85' lang='lat' dir='ltr'><strong>ln</strong></span> 
     </span>
     <span class='ocr_line' id='line_1_28' title="bbox 105 3748 1127 3839; baseline -0.011 -21"><span class='ocrx_word' id='word_1_212' title='bbox 105 3776 169 3839; x_wconf 81' lang='lat' dir='ltr'><strong>que</strong></span> <span class='ocrx_word' id='word_1_213' title='bbox 197 3754 354 3837; x_wconf 75' lang='lat' dir='ltr'><strong>pleraque</strong></span> <span class='ocrx_word' id='word_1_214' title='bbox 381 3770 497 3832; x_wconf 73' lang='lat' dir='ltr'><strong>genere</strong></span> <span class='ocrx_word' id='word_1_215' title='bbox 524 3748 704 3813; x_wconf 86' lang='lat' dir='ltr'><strong>divitiarum</strong></span> <span class='ocrx_word' id='word_1_216' title='bbox 731 3762 910 3825; x_wconf 87' lang='lat' dir='ltr'><strong>enumeret,</strong></span> <span class='ocrx_word' id='word_1_217' title='bbox 941 3768 1023 3830; x_wconf 86' lang='lat' dir='ltr'><strong>quae</strong></span> <span class='ocrx_word' id='word_1_218' title='bbox 1051 3767 1127 3809; x_wconf 91' lang='lat' dir='ltr'><strong>con-</strong></span> 
     </span>
     <span class='ocr_line' id='line_1_29' title="bbox 102 3864 1126 3947; baseline -0.017 -9"><span class='ocrx_word' id='word_1_219' title='bbox 102 3884 223 3937; x_wconf 74' lang='lat' dir='ltr'><strong>umnec</strong></span> <span class='ocrx_word' id='word_1_220' title='bbox 245 3870 372 3947; x_wconf 64' lang='lat' dir='ltr'><strong>omnint</strong></span> <span class='ocrx_word' id='word_1_221' title='bbox 399 3888 473 3931; x_wconf 88' lang='lat' dir='ltr'><strong>nem</strong></span> <span class='ocrx_word' id='word_1_222' title='bbox 494 3869 522 3929; x_wconf 81' lang='lat' dir='ltr'><strong>ti</strong></span> <span class='ocrx_word' id='word_1_223' title='bbox 540 3864 637 3931; x_wconf 85' lang='lat' dir='ltr'><strong>modo</strong></span> <span class='ocrx_word' id='word_1_224' title='bbox 657 3886 730 3929; x_wconf 83' lang='lat' dir='ltr'><strong>cum</strong></span> <span class='ocrx_word' id='word_1_225' title='bbox 750 3864 873 3927; x_wconf 80' lang='lat' dir='ltr'><strong>Neaera</strong></span> <span class='ocrx_word' id='word_1_226' title='bbox 894 3864 950 3937; x_wconf 84' lang='lat' dir='ltr'><strong>eit,</strong></span> <span class='ocrx_word' id='word_1_227' title='bbox 974 3864 1026 3923; x_wconf 82' lang='lat' dir='ltr'><strong>vel</strong></span> <span class='ocrx_word' id='word_1_228' title='bbox 1047 3881 1126 3942; x_wconf 83' lang='lat' dir='ltr'><strong>pau·</strong></span> 
     </span>
     <span class='ocr_line' id='line_1_30' title="bbox 103 3976 1126 4067; baseline -0.015 -17"><span class='ocrx_word' id='word_1_229' title='bbox 103 3998 258 4067; x_wconf 81' lang='lat' dir='ltr'><strong>pertatem</strong></span> <span class='ocrx_word' id='word_1_230' title='bbox 287 3979 456 4049; x_wconf 87' lang='lat' dir='ltr'><strong>iucundam</strong></span> <span class='ocrx_word' id='word_1_231' title='bbox 485 3980 567 4043; x_wconf 83' lang='lat' dir='ltr'><strong>fure.</strong></span> <span class='ocrx_word' id='word_1_232' title='bbox 626 3979 708 4039; x_wconf 86' lang='lat' dir='ltr'><strong>Tum</strong></span> <span class='ocrx_word' id='word_1_233' title='bbox 738 3977 859 4057; x_wconf 75' lang='lat' dir='ltr'><strong>pergit:</strong></span> <span class='ocrx_word' id='word_1_234' title='bbox 898 3976 926 4039; x_wconf 87' lang='lat' dir='ltr'><strong>ei</strong></span> <span class='ocrx_word' id='word_1_235' title='bbox 954 3995 1031 4037; x_wconf 82' lang='lat' dir='ltr'><strong>vero</strong></span> <span class='ocrx_word' id='word_1_236' title='bbox 1061 3994 1126 4036; x_wconf 87' lang='lat' dir='ltr'><strong>nen</strong></span> 
     </span>
     <span class='ocr_line' id='line_1_31' title="bbox 104 4090 1125 4177; baseline -0.013 -14"><span class='ocrx_word' id='word_1_237' title='bbox 104 4098 211 4163; x_wconf 82' lang='lat' dir='ltr'><strong>audiet</strong></span> <span class='ocrx_word' id='word_1_238' title='bbox 242 4096 341 4173; x_wconf 81' lang='lat' dir='ltr'><strong>detta,</strong></span> <span class='ocrx_word' id='word_1_239' title='bbox 377 4096 472 4158; x_wconf 84' lang='lat' dir='ltr'><strong>ctiam</strong></span> <span class='ocrx_word' id='word_1_240' title='bbox 501 4116 577 4177; x_wconf 86' lang='lat' dir='ltr'><strong>opce</strong></span> <span class='ocrx_word' id='word_1_241' title='bbox 606 4114 656 4155; x_wconf 78' lang='lat' dir='ltr'><strong>ute</strong></span> <span class='ocrx_word' id='word_1_242' title='bbox 688 4114 750 4157; x_wconf 85' lang='lat' dir='ltr'><strong>uun</strong></span> <span class='ocrx_word' id='word_1_243' title='bbox 780 4092 908 4167; x_wconf 66' lang='lat' dir='ltr'><strong>iavaau</strong></span> <span class='ocrx_word' id='word_1_244' title='bbox 947 4090 1125 4170; x_wconf 83' lang='lat' dir='ltr'><strong>coniugium</strong></span> 
     </span>
     <span class='ocr_line' id='line_1_32' title="bbox 104 4201 1125 4292; baseline -0.017 -13"><span class='ocrx_word' id='word_1_245' title='bbox 104 4234 252 4279; x_wconf 83' lang='lat' dir='ltr'><strong>eccurutu</strong></span> <span class='ocrx_word' id='word_1_246' title='bbox 276 4211 371 4292; x_wconf 76' lang='lat' dir='ltr'><strong>caepio</strong></span> <span class='ocrx_word' id='word_1_247' title='bbox 395 4230 534 4291; x_wconf 62' lang='lat' dir='ltr'><strong>queupctc</strong></span> <span class='ocrx_word' id='word_1_248' title='bbox 560 4211 655 4271; x_wconf 87' lang='lat' dir='ltr'><strong>cultu.</strong></span> <span class='ocrx_word' id='word_1_249' title='bbox 707 4208 775 4269; x_wconf 88' lang='lat' dir='ltr'><strong>Hoc</strong></span> <span class='ocrx_word' id='word_1_250' title='bbox 796 4204 961 4269; x_wconf 79' lang='lat' dir='ltr'><strong>concilient</strong></span> <span class='ocrx_word' id='word_1_251' title='bbox 984 4201 1043 4281; x_wconf 88' lang='lat' dir='ltr'><strong>dii,</strong></span> <span class='ocrx_word' id='word_1_252' title='bbox 1073 4216 1125 4263; x_wconf 88' lang='lat' dir='ltr'><strong>aut</strong></span> 
     </span>
     <span class='ocr_line' id='line_1_33' title="bbox 104 4316 1126 4405; baseline -0.01 -16"><span class='ocrx_word' id='word_1_253' title='bbox 104 4330 131 4389; x_wconf 82' lang='lat' dir='ltr'><strong>ei</strong></span> <span class='ocrx_word' id='word_1_254' title='bbox 148 4330 213 4391; x_wconf 80' lang='lat' dir='ltr'><strong>ieta</strong></span> <span class='ocrx_word' id='word_1_255' title='bbox 231 4336 362 4405; x_wconf 76' lang='lat' dir='ltr'><strong>negant,</strong></span> <span class='ocrx_word' id='word_1_256' title='bbox 383 4322 483 4388; x_wconf 77' lang='lat' dir='ltr'><strong>Orcus</strong></span> <span class='ocrx_word' id='word_1_257' title='bbox 502 4344 551 4385; x_wconf 86' lang='lat' dir='ltr'><strong>ma</strong></span> <span class='ocrx_word' id='word_1_258' title='bbox 570 4334 691 4385; x_wconf 75' lang='lat' dir='ltr'><strong>uocatu.</strong></span> <span class='ocrx_word' id='word_1_259' title='bbox 734 4321 781 4383; x_wconf 86' lang='lat' dir='ltr'><strong>ita</strong></span> <span class='ocrx_word' id='word_1_260' title='bbox 797 4316 983 4401; x_wconf 70' lang='lat' dir='ltr'><strong>Lygdamus.</strong></span> <span class='ocrx_word' id='word_1_261' title='bbox 1021 4317 1126 4379; x_wconf 87' lang='lat' dir='ltr'><strong>Prima</strong></span> 
     </span>
    </p>
   </div>
   <div class='ocr_carea' id='block_1_5' title="bbox 0 0 1238 4838">
    <p class='ocr_par' dir='ltr' id='par_1_5' title="bbox 0 0 1238 4838">
     <span class='ocr_line' id='line_1_34' title="bbox 0 0 1238 4838; baseline 0 0"><span class='ocrx_word' id='word_1_262' title='bbox 0 0 1238 4838; x_wconf 95' lang='lat' dir='ltr'><strong> </strong></span> 
     </span>
    </p>
   </div>
  </div>
 </body>
</html>
