2468 4838
425 624 483 688 DE
505 624 607 689 VITA
628 624 810 691 TIBULLI.
1076 652 1133 692 xus

114 803 191 867 Nem
212 801 340 865 tertium
361 799 477 861 librum
499 818 566 862 non
587 818 652 863 esse
673 798 791 864 Tibulli
818 820 889 863 cum
917 803 985 866 aliis
1013 816 1132 868 cuturn

113 919 213 979 babeo
236 926 271 976 et
288 912 373 975 inira
393 913 498 975 miultis
520 914 707 993 argumentis
728 911 900 979 ostendam.
948 914 1011 979 Sed
1038 920 1131 981 etiam

113 1032 164 1113 qui
185 1028 315 1091 Tibullo
336 1024 533 1104 adse-ibunt,
553 1039 660 1089 tamen
679 1027 764 1092 bunc
787 1030 892 1092 locum
911 1033 1054 1111 spurisun
1072 1034 1131 1097 ba·

113 1148 199 1222 bent,
221 1165 295 1206 eum
317 1162 390 1205 ann.
412 1147 501 1220 711.,
522 1162 588 1225 quo
609 1143 648 1205 A.
661 1142 784 1206 Hirtius
804 1155 835 1207 et
852 1143 889 1208 0.
902 1148 1015 1210 Vibius
1028 1150 1130 1213 Panse

113 1258 196 1320 Coss.
215 1260 251 1318 in
272 1274 380 1337 pugna
399 1254 571 1318 Mutinensi
591 1274 662 1318 oum
682 1256 824 1319 Antonio
850 1254 1033 1325 dimicantes
1052 1264 1130 1327 esci·

116 1372 238 1448 derunt,
259 1374 349 1433 nullo
370 1369 465 1433 modo
486 1370 606 1432 Tibulli
625 1362 738 1431 natulis
758 1380 826 1431 esse
845 1374 994 1451 potereris.
1033 1372 1132 1437 'Dicit

112 1483 240 1549 Ovidius
271 1485 367 1546 Trist.
387 1485 449 1561 IV,
472 1489 529 1561 10,
559 1488 598 1545 it
627 1502 696 1566 sqq.
725 1502 759 1545 se
787 1493 819 1544 st
844 1481 1044 1566 Propertium
1074 1487 1130 1549 Ti·

111 1600 195 1663 bullo
216 1601 469 1679 minores-natu:
508 1646 510 1651 .

234 1714 403 1793 Virgilium
423 1709 488 1776 vidi
509 1721 647 1787 tantum,
668 1730 728 1773 nse
748 1731 842 1775 svare
863 1712 990 1777 Tibullo

278 1829 417 1909 Tempus
438 1826 588 1890 arnicitiae
608 1827 673 1889 fata
694 1822 809 1889 dedere
830 1847 929 1889 meae.

234 1943 404 2007 Successor
423 1942 484 2004 luit
502 1943 554 2005 hic
574 1943 649 2018 tibi,
669 1942 775 2018 Galle,
795 1941 977 2023 Propertius
995 1941 1061 2017 illi,

278 2052 417 2131 Quartus
437 2057 478 2118 sb
499 2056 549 2117 his
570 2057 650 2118 serie
671 2056 820 2137 temporis
839 2056 908 2137 ipse
928 2057 986 2118 fui.

109 2164 226 2242 Quodsi
254 2186 328 2230 ann.
356 2174 431 2231 711.
460 2180 552 2231 natus
573 2172 732 2248 Tibullus,
761 2167 897 2233 eundem
917 2191 990 2233 eum
1011 2166 1127 2235 ovidio

109 2287 242 2347 natalem
263 2272 379 2347 annum
399 2285 528 2363 habuit,
555 2286 722 2366 Propertio
742 2304 821 2349 sero
840 2286 948 2346 iunior
966 2285 1043 2361 luit,
1070 2286 1127 2367 qui

108 2402 212 2461 saltem
234 2420 311 2460 ann.
331 2406 404 2463 706.
417 2412 471 2462 aut
487 2408 561 2464 707.
582 2410 746 2463 natusest.
788 2398 914 2461 Deinde
927 2416 968 2475 ers
981 2398 1043 2459 hoc
1063 2398 1127 2461 esl-

109 2513 174 2574 culo
195 2512 341 2575 Tibullus
362 2510 527 2576 duodecim
547 2524 580 2577 et
599 2512 747 2577 tredecim
768 2531 925 2577 ennomus
939 2532 1022 2594 puer
1042 2512 1126 2574 bello

114 2625 291 2705 Aquitanico
319 2625 355 2686 in
374 2624 528 2688 Messalae
557 2628 705 2689 comitatu
732 2626 939 2703 interfuisset,
965 2624 1052 2707 (prod
1072 2646 1126 2706 ge-

109 2748 185 2798 stum
212 2758 288 2799 ann.
319 2739 502 2815 723-724.,
533 2737 707 2822 eodemque
736 2751 876 2819 tempure
902 2738 965 2799 ium
994 2751 1127 2799 amasset

108 2851 244 2928 Deliam
267 2871 341 2912 nam
363 2852 439 2930 eleg.
456 2852 487 2926 l,
512 2856 540 2912 1.
562 2852 676 2933 scripta
696 2870 772 2913 ann.
794 2857 867 2914 726.
889 2861 921 2912 et
940 2851 1019 2930 eleg.
1037 2849 1072 2929 I,
1095 2855 1126 2915 ³.

109 2979 270 3028 auctumno
291 2987 367 3029 ann.
390 2969 463 3029 724.
504 2962 594 3041 Quae
611 2967 728 3049 inepta.
769 2968 815 3027 Ae
832 2964 983 3046 Scaliger,
1003 2966 1125 3043 Dousa,

108 3080 254 3163 Vulpius,
275 3082 528 3158 Brouckbusius‚
549 3081 693 3164 Heynius
711 3080 882 3144 seeundum
901 3102 1030 3144 versum
1049 3101 1125 3163 spu·

106 3194 182 3255 rium
209 3192 339 3271 dixere,
373 3192 534 3275 Spobnius
563 3204 665 3257 totum
694 3192 858 3257 distichon.
905 3192 969 3259 sed
996 3195 1125 3259 frustra.

106 3308 217 3371 Verius
245 3306 426 3371 iudicarunt
453 3311 510 3392 qui
538 3320 638 3372 totum
665 3311 782 3372 librum
807 3310 933 3373 tertium
959 3312 1122 3374 intellexe-

106 3435 174 3484 runt
191 3443 259 3485 nun
277 3442 343 3485 esse
359 3423 487 3485 Tibulli.
529 3421 643 3504 Spreto
663 3424 759 3504 igitur
768 3424 830 3488 hoe
845 3423 1023 3487 testimonio
1035 3423 1122 3508 quod

106 3538 238 3614 nubum,
260 3558 331 3599 cunr
353 3538 414 3599 alia
433 3538 487 3602 via
506 3536 710 3617 ingredienda
730 3550 828 3617 esset,
860 3540 970 3605 Dousa
991 3541 1123 3606 coniecit

104 3664 225 3733 poetam
253 3672 327 3715 ann.
356 3658 429 3735 600.
457 3664 581 3731 natum,
614 3674 710 3738 quam
737 3658 923 3719 sententiam
947 3659 1124 3740 probarunt

104 3766 354 3849 brouekhusius,
383 3770 561 3849 Fabricius,
588 3770 741 3853 Vulpius,
768 3772 952 3849 Massonus,
980 3767 1124 3833 Sansdo·

104 3901 174 3961 nus,
194 3886 303 3948 verius
324 3895 429 3946 autem
448 3885 581 3948 Vossius
608 3885 682 3949 cire.
710 3904 784 3946 san.
806 3890 880 3947 695.
901 3886 1018 3947 natales
1038 3884 1123 3948 Albii

105 3998 219 4073 posuit,
249 3997 301 4058 cui
329 3999 447 4060 assensi
476 4010 550 4060 sunt
570 3998 721 4074 Baebius,
753 3997 928 4078 Spuhnius,
948 4000 1123 4077 Psssovius,

105 4110 171 4188 dii,
202 4132 396 4196 quamquam
427 4131 594 4194 perperam
623 4110 775 4173 Messalae
803 4121 903 4175 aetate
933 4126 1123 4195 comparata,

107 4228 156 4305 qui
176 4249 242 4291 nun
265 4250 339 4293 ann.
362 4234 454 4306 696,
483 4227 538 4293 sed
560 4248 634 4291 ann.
657 4233 730 4291 665.
759 4238 850 4291 ustus
870 4228 1005 4294 videtur.
1057 4228 1121 4295 sea

108 4342 214 4406 unicus
246 4364 366 4425 supper
394 4358 509 4424 aetate,
539 4359 575 4408 ut
602 4344 742 4424 videtur,
769 4344 918 4409 Horatius
946 4357 1031 4421 erat,
1064 4346 1121 4427 qui
