2468 4838
473 618 659 689 TIBULLI.
1000 648 1088 695 cxxv

151 794 186 862 Si
201 816 268 881 qua
285 805 371 859 metu
388 791 518 876 dempto
534 807 617 857 casta
635 805 696 871 est,
721 816 757 857 ea
776 792 912 880 denique
927 808 1088 865 castsear:

194 911 303 989 Quae,
334 910 408 996 quia
429 933 495 975 non
516 911 604 988 iicet,
634 932 698 973 uon
721 912 812 993 lucit,
839 914 894 977 ills
913 914 998 978 fucit.

153 1081 317 1167 Quidquid
341 1092 501 1160 serratim,
529 1081 672 1164 cupimus
693 1082 807 1162 magis,
834 1085 965 1168 ipseque
987 1086 1090 1149 iorem

194 1197 281 1261 Cura
301 1211 404 1263 vocat.
447 1196 544 1260 Pauci
565 1194 651 1281 quod
672 1196 746 1260 sinit
771 1199 866 1277 alter,
895 1213 1008 1264 amant.

155 1370 291 1449 Arguat,
320 1367 459 1447 arguit03
489 1365 643 1451 quidquid
665 1373 778 1450 probat
800 1369 869 1447 illa,
897 1371 1050 1453 probato;

196 1480 294 1561 Quod
317 1480 414 1561 dicet,
442 1480 543 1564 dicas3
572 1481 659 1568 quod
680 1496 772 1564 negat
793 1484 863 1562 illa,
889 1507 993 1567 neges.

67 1627 159 1691 Talia
176 1647 247 1691 uon
266 1638 349 1689 amat
369 1625 529 1713 Tibullus,
557 1629 614 1710 qui
634 1640 670 1691 ut
690 1628 877 1713 plerumque
900 1629 993 1693 etiam
1013 1632 1093 1694 Pro·

68 1742 206 1824 perum,
234 1739 371 1802 maiores
402 1740 521 1803 formas
548 1743 763 1805 membrorum
791 1741 881 1824 fingit
909 1756 941 1806 et
971 1747 1094 1824 gravius

68 1856 233 1939 componit
250 1854 380 1917 disticha
400 1876 467 1933 sue,
488 1876 592 1940 neque
614 1857 811 1939 omnigenam
832 1860 1013 1923 varietatem
1038 1863 1095 1923 ha·

68 1976 124 2037 bet
144 1984 303 2057 saumuro
323 1970 574 2034 enuntiationum
596 1972 681 2055 apud
700 1975 796 2052 hunc,
816 1972 871 2037 ssd
892 1976 976 2038 intra
994 1978 1096 2041 iustos

71 2088 149 2151 lines
171 2108 206 2151 se
233 2088 382 2151 continet.
437 2084 521 2164 Quid
551 2101 654 2151 autem
683 2103 731 2153 ost
758 2091 827 2153 eius
857 2094 992 2155 maxime
1020 2114 1098 2175 pro·

71 2199 203 2287 prium?
228 2206 336 2279 Amat,
356 2203 413 2265 ubi
432 2223 498 2274 non
519 2226 584 2267 etna
608 2206 757 2268 contiuua
778 2204 945 2285 periodus,
965 2212 1098 2288 imprimis

72 2321 230 2402 ἅιψςεινι
248 2322 411 2379 senentiam
428 2317 540 2378 distichi
554 2322 582 2377 in
597 2318 655 2378 duo
676 2318 803 2378 mamlrra
815 2338 869 2399 per
889 2314 1099 2403 doporopu'ao,

74 2448 125 2496 aut
144 2439 232 2495 etiam
260 2437 288 2492 iu
307 2436 381 2507 tria,
412 2442 439 2491 et
465 2452 573 2490 uersum
603 2434 695 2491 ocrsru'
717 2442 770 2492 aut
793 2430 948 2490 membrum
975 2431 1098 2490 ntenrlro

73 2566 215 2631 opponens
234 2544 395 2605 rir'oisionum
410 2555 437 2605 et
451 2547 648 2627 oppositionum
669 2564 786 2604 nemora
802 2547 984 2605 concinnitate
1004 2565 1100 2606 consa

75 2667 172 2745 quitur
182 2659 316 2742 fior-mom
333 2664 466 2721 orationis
487 2661 655 2736 masculam,
676 2666 767 2738 uigore
783 2666 927 2737 insignem,
947 2662 1002 2721 sili
1015 2665 1100 2742 plone

72 2780 232 2860 propriam,
254 2794 341 2857 quam
354 2773 434 2857 opud
446 2773 534 2834 alium
549 2774 653 2833 nullum
672 2785 787 2856 poetam
805 2774 958 2850 elegiacum
968 2778 1100 2835 inuenies.

74 2889 126 2951 De
144 2908 211 2971 quo
233 2908 318 2949 nunc
333 2886 508 2967 explicabo.
550 2885 690 2947 Primum
705 2886 800 2964 igitur
816 2886 859 2948 sic
876 2886 907 2947 iu
925 2881 989 2948 duo
1002 2906 1101 2947 mem·

76 3007 135 3069 bra
156 3002 318 3069 discedere
339 3004 419 3066 solet
440 3000 594 3065 distichon
615 3023 674 3084 per
699 2998 899 3091 διχοτομῖαν
920 3001 1070 3066 divisum:

162 3148 237 3231 ipss
258 3166 358 3208 seram
379 3157 504 3206 teneras
526 3155 649 3203 maturo
670 3153 812 3223 tempore
833 3142 913 3205 vites

207 3258 372 3337 Rusticus,
399 3270 431 3320 et
451 3258 535 3321 incili
555 3256 683 3337 grandia
703 3276 797 3336 lroma
819 3276 925 3315 manu.

78 3392 157 3456 Aut:
181 3390 259 3455 Non
282 3391 360 3453 mihi
382 3390 471 3473 pigra
492 3402 608 3453 nocent
628 3390 778 3452 hibernae
799 3388 917 3469 frigora
937 3388 1050 3465 noctis,
1088 3398 1091 3403 '

208 3504 287 3569 Non
306 3505 401 3585 mihi,
431 3528 504 3568 cum
523 3508 621 3569 multa
642 3503 756 3568 decidit
776 3504 878 3567 imber
899 3524 991 3588 aqua.

78 3648 133 3713 Eu
152 3648 234 3713 haee
254 3648 482 3732 simplicissima
513 3651 615 3712 forma
647 3650 765 3733 ubique
794 3646 887 3711 obvia
904 3647 939 3709 in
960 3647 1009 3709 his
1039 3668 1106 3709 car·

81 3766 230 3829 minibus.
274 3762 337 3826 Sed
363 3777 465 3847 potest
491 3766 583 3827 etiam
610 3767 796 3827 alterutrum
821 3762 997 3824 membrum
1025 3785 1107 3826 nova

82 3874 238 3942 divisione
259 3873 372 3954 dividi,
401 3890 452 3940 ut:

166 4008 257 4071 Haeo
278 4018 371 4069 cantu
391 4006 544 4088 finditque
567 4007 669 4067 solum
689 4001 864 4082 titaneaque
887 4003 1036 4082 sepulcris

209 4124 318 4201 Elicit,
347 4136 378 4185 et
399 4122 507 4205 tepido
532 4120 664 4184 devocat
683 4138 754 4180 ossa
772 4137 866 4196 rogo,

87 4252 140 4315 nbi
164 4251 249 4315 dune
275 4265 350 4315 sunt
376 4253 544 4333 primariae
572 4262 677 4332 partes
706 4248 895 4323 sententiae,
925 4247 1014 4328 prior
1033 4265 1109 4309 veru

90 4366 120 4428 in
149 4366 214 4432 duo
248 4369 373 4431 minora
401 4379 558 4429 momenta
591 4362 776 4446 dispescitur
806 4382 864 4443 per
898 4358 1111 4448 διχοτομοάν,
