2468 4838
537 523 717 590 TIBULLI.
1041 556 1145 599 xxm

120 697 209 758 etiam
230 697 294 759 boc
316 709 537 778 argumentum
551 717 628 760 mox
646 695 685 761 ad
699 700 818 763 ruralia
832 709 1036 772 revocaverit.
1079 711 1141 774 Sed

119 811 279 875 videamus
300 813 434 894 propius
455 814 587 892 singula.

197 927 299 1006 Igitur
318 924 458 1008 primurn
479 923 641 1009 quomodo
663 923 809 993 describit
827 952 876 992 rus
892 940 923 993 et
938 938 1058 995 metiens
1073 938 1141 998 res?

117 1042 189 1105 Non
211 1045 295 1107 canit
316 1044 520 1107 amoenitates
540 1043 695 1123 regionis,
724 1048 876 1109 arborum
896 1048 1039 1125 umbras,
1066 1073 1138 1132 pra·

116 1171 220 1221 torum
241 1161 382 1235 colores,
410 1160 546 1221 sontium
566 1179 731 1238 susurrus,
761 1181 865 1243 nsque
887 1163 1016 1239 omnino
1037 1164 1137 1244 ipsam

117 1292 226 1351 perse
247 1292 356 1334 remma
378 1282 523 1334 naturam
544 1269 698 1354 depingit,
726 1271 781 1337 aed
802 1275 898 1339 vitam
918 1274 1026 1338 laudat
1045 1281 1138 1340 rusti·

118 1406 184 1448 cam
212 1397 245 1449 et
271 1387 375 1467 prima
405 1401 589 1453 ornamenta
618 1391 700 1454 sitae
730 1410 765 1452 ac
793 1389 906 1469 gaudia
931 1389 1036 1455 debita
1059 1397 1139 1473 ruri,

115 1512 146 1565 et
165 1502 294 1563 cum‘in
315 1502 396 1564 urbe
417 1502 544 1565 luxuria
566 1504 668 1565 omnis
681 1504 805 1582 generis
819 1516 938 1584 regnet,
958 1506 1136 1570 rurisima·

114 1615 217 1695 ginem
238 1615 326 1695 fingit
347 1616 542 1698 simplicitate
565 1619 698 1699 pulchra
719 1620 860 1682 colorum
880 1622 1056 1701 placentem
1076 1625 1136 1685 mi·

113 1729 210 1793 rifice.
249 1729 346 1807 Rure,
368 1732 422 1807 ait,
441 1729 582 1793 cultioris
604 1729 685 1794 vitae
706 1743 737 1793 et
756 1732 911 1795 felicitatis
931 1733 1135 1798 fundamenta

113 1856 192 1907 orta.
240 1845 300 1909 Hic
330 1844 470 1926 primum
499 1867 587 1908 casae
614 1857 749 1909 sunctae
778 1859 810 1908 et
831 1848 931 1910 victus
954 1848 1067 1911 melior
1086 1850 1136 1911 iu-

112 1974 242 2036 ventus,
270 1961 322 2024 bie
346 1973 429 2023 artes
454 1963 591 2023 musicae
611 1962 645 2022 in
668 1958 800 2024 deorum
821 1961 975 2025 bonorem
995 1964 1135 2044 primum

111 2088 261 2153 tentatae,
284 2088 315 2139 et
335 2096 447 2140 earum
464 2097 547 2158 quae
567 2074 607 2137 ad
624 2079 742 2140 cultum
762 2090 794 2139 et
814 2090 961 2139 ornatum
974 2080 1134 2159 pertinent

110 2191 342 2275 simpliciores„
365 2193 489 2255 coronis
517 2193 623 2255 vernis
654 2190 790 2254 Laribus
819 2193 909 2254 nexis
938 2205 1032 2254 etex
1059 2193 1133 2253 lana

103 2306 219 2369 orium
245 2305 386 2369 restibus
415 2303 552 2367 senrineo
581 2305 689 2367 labore
721 2304 885 2383 consectis3
917 2304 968 2368 bic
998 2301 1133 2388 denique

111 2420 205 2484 etiam
225 2419 327 2481 Amor
347 2417 486 2499 primum
507 2430 600 2480 natus
622 2429 679 2479 est,
727 2418 834 2499 Atque
855 2419 904 2481 bie
925 2421 1020 2481 rebus
1041 2419 1135 2481 abso·

107 2534 194 2597 lutus
215 2532 372 2597 felicitatis
394 2553 488 2597 verae
512 2534 665 2610 ambittu,
693 2555 714 2595 a
734 2552 799 2615 qua
822 2533 967 2595 luxuriae
988 2534 1133 2616 volupta-

108 2660 157 2711 tes
177 2648 322 2713 abessent
343 2659 376 2712 et
394 2648 472 2715 vitia
493 2659 650 2712 crescente
671 2650 753 2710 luxu
769 2647 856 2710 illata
872 2647 1009 2728 plurima
1029 2649 1065 2709 in
1085 2650 1133 2713 vi·

108 2777 181 2827 tam.
222 2763 310 2828 Rure
337 2784 417 2830 vero
440 2765 533 2828 etiam
552 2786 639 2828 nunc
659 2765 740 2827 nihil
763 2774 811 2826 est
829 2760 1007 2827 iucundius.
1049 2762 1132 2827 Vide

108 2877 246 2958 primum
266 2883 379 2957 negou'es
399 2878 525 2957 rustica,
545 2879 688 2961 plantare
710 2878 800 2956 vites,
817 2886 849 2939 et
864 2878 1002 2954 arbores,
1024 2887 1131 2941 tenere

107 2988 267 3053 intertium
282 2990 444 3053 bidentem
462 3003 495 3054 et
515 2992 641 3054 stimulo
662 2991 826 3070 increpare
846 2990 954 3066 boses,
975 2990 1130 3071 inspicere

106 3123 203 3184 pecus
232 3117 265 3166 et
292 3125 404 3185 agnam
425 3105 564 3168 fetumve
586 3103 721 3183 capellae
743 3102 864 3163 reierre
892 3100 1039 3165 domums
1071 3122 1130 3165 nec

105 3220 212 3283 minus
233 3222 374 3286 suaviter
394 3222 504 3285 Deliae
525 3221 635 3284 futura
655 3216 782 3297 negotis
802 3214 996 3292 adumbrata,
1013 3217 1039 3281 si
1061 3236 1132 3279 cum

105 3347 200 3415 poeta
222 3338 331 3402 vivere
354 3356 430 3402 rurs
452 3339 612 3403 voluisset.
655 3336 762 3399 Altera
782 3352 855 3416 pars
875 3334 1061 3397 rusticarum
1081 3355 1131 3398 re·

104 3476 180 3518 rum
199 3459 343 3535 religiones
368 3468 402 3520 et
412 3456 495 3540 setta
514 3467 589 3522 sunt
611 3455 760 3537 agrestia,
791 3474 928 3538 quorum
949 3453 1130 3538 descriptio·

107 3571 204 3633 nibus
229 3573 325 3653 plena
354 3573 464 3635 omnia
489 3573 525 3635 in
553 3573 603 3635 bis
626 3571 826 3636 carminibus.
865 3571 943 3636 Erat
962 3592 1039 3636 vero
1059 3575 1130 3654 pius

106 3696 201 3763 poeta
221 3706 412 3768 magnopere
433 3686 574 3753 addictus
600 3690 766 3770 agrestium
790 3685 930 3751 deorum.
951 3687 1065 3765 cultui,
1096 3700 1131 3750 ut

107 3801 174 3881 ipse
193 3802 360 3883 profitetur
380 3804 405 3884 1,
430 3811 466 3867 1:

192 3921 276 3985 Nam
293 3942 432 3987 veneror
452 3943 507 3985 seu
527 3924 621 4006 stipes
644 3926 739 3987 habet
760 3923 901 3988 desertus
922 3924 957 3987 in
975 3924 1066 4005 agris,

236 4035 301 4101 Seu
322 4052 413 4103 vetus
432 4040 468 4103 in
488 4041 582 4104 trivio
601 4041 701 4105 florea
721 4053 804 4103 serta
824 4043 920 4123 lapis:

196 4159 235 4221 Et
255 4160 470 4246 quodcunque
492 4163 568 4226 milri
589 4182 719 4247 pomum
742 4184 844 4228 novus
861 4138 977 4228 'educat
996 4184 1106 4239 annus,

238 4274 385 4339 Libatum
405 4279 571 4359 agricolam
592 4281 721 4362 ponitur
743 4293 813 4344 ante
835 4280 938 4344 deum.
