2468 4838
103 642 176 682 „vm
514 614 573 676 DE
593 609 713 678 Potist

103 791 263 875 plerisque
284 787 431 849 oumibus
452 780 629 847 admirabili
650 780 683 846 vi
704 781 872 844 affectuum
893 781 1061 844 laetaberis
1082 802 1123 845 ex

101 905 214 967 itttimo
243 914 370 984 pectore
399 896 558 981 prolecta,
585 915 644 957 nec
667 893 790 956 detrahi
810 892 986 978 quidquam
1005 906 1122 957 temera

99 1018 230 1101 patieris
258 1015 297 1079 de
327 1014 463 1095 genuina
490 1011 680 1094 praestantia
708 1011 803 1073 buius
830 1029 982 1092 poeseos,
1016 1008 1124 1075 native

100 1132 231 1195 veritate
259 1150 409 1193 sensuum
437 1140 601 1209 tantopere
631 1127 829 1207 conspicuae.
883 1120 1040 1189 vividum
1067 1124 1124 1189 ad·

101 1242 232 1305 modum
252 1255 365 1305 natura
386 1253 453 1303 erat
468 1240 628 1319 ingenium
645 1239 765 1301 Tibulli
783 1251 814 1300 et
833 1240 985 1320 proprius
1006 1249 1055 1302 est
1073 1240 1123 1301 bis

102 1357 207 1437 elegiis
234 1354 364 1436 insignis
395 1351 524 1438 quidam
555 1351 646 1432 vigor
674 1353 859 1430 affectuum,
891 1370 989 1433 quem
1017 1350 1123 1415 omma

102 1469 250 1548 disticha,
280 1490 388 1533 omnes
409 1488 519 1533 versus
542 1466 713 1530 ostendunt
732 1466 926 1545 luculenter,
947 1486 1010 1528 nec
1031 1487 1123 1548 reps-

102 1586 166 1647 rias
188 1584 283 1647 alium
311 1597 438 1666 poetam
467 1584 635 1664 elegiacum
660 1592 771 1667 parent
795 1582 826 1644 ei
845 1581 881 1643 in
900 1584 974 1644 boc.
1020 1578 1124 1645 Sentit

103 1694 190 1779 quod
212 1698 305 1758 sentit
325 1708 391 1758 toto
412 1708 557 1778 pectore,
578 1706 661 1758 amat
682 1715 778 1777 quam
799 1706 881 1755 antat
900 1694 1044 1776 penitus,
1063 1714 1122 1757 nee

102 1812 178 1873 aliea
197 1809 338 1874 laudavit
358 1810 468 1888 simul,
496 1805 553 1870 sed
577 1807 637 1869 uni
658 1805 781 1869 deditus
802 1806 864 1869 fuit
881 1818 968 1871 totus
988 1826 1123 1890 semper,

102 1922 202 1985 donec
223 1944 282 2005 per
302 1924 441 2003 puellam
467 1921 586 1983 liceret.
634 1918 700 1982 Ubi
726 1938 805 1984 vero
835 1916 968 1985 adversa
992 1921 1123 1985 loram

102 2038 217 2100 amoris
239 2051 302 2117 est,
325 2058 391 2099 non
412 2036 542 2114 leviter,
570 2034 627 2098 sed
646 2036 799 2116 graviter,
827 2034 1007 2115 gravissime
1028 2034 1123 2115 dolet,

101 2162 134 2211 et
161 2172 328 2233 erumpens
356 2153 485 2234 querela
511 2150 649 2213 ssuufinis
673 2150 773 2213 instar
793 2148 914 2231 copiosi
932 2148 1124 2215 diffunditur

100 2264 135 2324 in
157 2283 265 2328 omncs
285 2276 401 2346 partes.
447 2266 551 2348 tltque
571 2286 614 2327 ex
634 2270 695 2330 boc
716 2266 843 2329 fervore
863 2266 1029 2348 praeclaris
1050 2286 1122 2329 sen·

101 2398 193 2441 suum
214 2358 400 2462 explicandis
421 2403 565 2461 magnam
586 2395 725 2464 partem,
751 2392 788 2443 ut
809 2381 914 2443 statim
932 2377 1123 2457 videbimus,

101 2493 286 2574 compositio
308 2497 477 2575 elegiartun
499 2498 626 2576 Tibulli,
648 2517 726 2579 quas
749 2496 807 2578 qui
826 2494 1019 2574 negligenter
1038 2506 1123 2558 stru·

102 2617 180 2682 ctas,
202 2607 307 2669 multis
328 2608 364 2669 in
385 2610 462 2672 locis
485 2630 571 2670 nexu
593 2620 743 2686 carentes,
765 2609 884 2670 unitate
904 2627 1015 2669 rerum
1030 2628 1123 2669 sccu-

100 2732 170 2801 ratu
191 2718 351 2785 destitutas
381 2721 547 2801 dixerunt,
576 2722 679 2802 specie
700 2720 824 2802 decepti
842 2731 934 2797 sunt,
966 2739 1028 2783 nec
1047 2720 1123 2783 satis

99 2847 329 2911 perspexerunt
358 2833 502 2897 ordinem
529 2834 698 2915 pulchrum
718 2833 753 2894 in
774 2835 836 2897 hoc
855 2843 946 2895 motu
965 2830 1122 2897 liberiori.

101 2939 245 3000 Debetur
258 2939 360 3003 eidem
373 2942 493 3005 fervori
511 2944 639 3005 omnino
658 2955 785 3022 vegetus
806 2944 908 3020 color,
927 2942 1015 3009 nitor
1027 2964 1123 3024 prae·

100 3052 202 3113 clarus
230 3072 337 3113 rerum
366 3065 396 3115 et
424 3056 613 3133 verborum,
646 3056 703 3138 qui
729 3058 783 3120 vel
810 3056 923 3119 leviter
948 3055 1124 3121 attendenti

98 3164 208 3225 lectori
223 3166 342 3249 ubique
358 3167 392 3228 in
408 3168 467 3230 bac
481 3170 570 3250 poesi
586 3188 618 3230 se
641 3168 750 3248 offert3
772 3168 960 3249 languidam,
980 3170 1123 3247 fractam,

98 3276 236 3339 ieiunam
258 3299 349 3342 nemo
373 3279 453 3343 dixit
475 3281 704 3363 querbrtoniam
724 3281 859 3361 Tibulli,
881 3294 956 3344 sunt
976 3284 1122 3365 nervosa,

100 3402 263 3469 contenta,
283 3395 437 3470 mascula,
460 3395 551 3475 quasi
571 3394 635 3456 vita
655 3395 750 3475 plena
771 3396 887 3459 omnia.
935 3396 1040 3461 Etiam
1059 3394 1123 3462 hoc

100 3501 192 3580 quale
214 3500 254 3562 sit
275 3522 441 3582 cognosces
462 3508 546 3570 inira
560 3511 674 3590 paullo
696 3512 838 3591 propius,
858 3511 915 3573 ubi
932 3509 1005 3575 data
1022 3532 1122 3595 opere

98 3610 138 3673 de
161 3614 344 3677 elocutionis
366 3617 562 3683 Tibullianae
590 3623 706 3685 virtute
735 3621 865 3687 dicetur.
913 3624 1000 3690 Talis
1021 3638 1122 3689 estet

98 3726 179 3789 tanti
200 3729 353 3791 momenti
373 3731 408 3791 iu
429 3732 488 3793 hac
509 3734 599 3815 poesi
620 3737 769 3817 proprius
790 3740 841 3799 ille
863 3738 972 3802 server
991 3737 1122 3817 Tibulli,

99 3861 164 3922 (pto
186 3841 266 3903 nihil
286 3842 409 3922 verius,
435 3847 514 3907 nibil
536 3850 640 3911 mittus
662 3848 767 3912 lictum
790 3852 850 3915 luit
871 3871 1023 3934 unquam.
1064 3854 1122 3917 At·

101 3977 164 4037 que
186 3959 263 4021 haec
290 3961 450 4023 hactenus.
501 3959 639 4027 Omnino
662 3964 852 4027 absolvimus
874 3986 959 4053 nune
981 3988 1065 4049 quae
1086 3970 1122 4031 in

99 4071 160 4132 boc
185 4075 285 4152 eapite
308 4073 526 4157 disptttationis
553 4078 592 4142 de
614 4080 733 4141 Tibulli
755 4079 847 4145 laude
868 4054 1001 4144 dicd'ttds
1023 4084 1131 4147 habe··

99 4185 219 4257 bamus,
242 4198 271 4247 et
292 4208 451 4269 speramus
473 4195 552 4257 nibil
573 4195 660 4278 quod
681 4197 806 4277 gravius
828 4198 866 4260 sit
888 4198 1049 4262 ontismtut.

186 4294 293 4360 Restat
322 4323 396 4365 vcro
428 4318 462 4367 ot
490 4308 583 4370 etiem
612 4306 650 4369 dc
673 4312 819 4391 Ligdomo
842 4307 982 4385 dicanu,
1019 4332 1122 4395 quan·
