2468 4838
153 635 234 679 cxuu
565 611 624 677 DE
643 608 765 681 POESl

151 785 233 850 miro
249 784 390 849 acumine
406 783 619 867 undequaque
636 781 722 846 ducit
737 782 894 847 Tibullus.
934 781 1026 848 Adde
1042 781 1181 871 denique

152 897 231 961 ibid.
247 899 302 977 IV,
316 904 348 960 3.
375 914 499 961 novam·
520 896 615 959 totius
641 897 813 959 sententiae
834 895 1024 959 divisionem
1053 921 1107 963 vv.
1129 922 1181 963 os·

151 1020 271 1093 garriet
294 1013 475 1074 concumbere
495 1022 644 1072 notatam.
663 1042 708 1057 -
742 1010 915 1073 Veniamus
936 1030 1023 1074 nunc
1045 1012 1086 1075 ad
1106 1016 1181 1097 Lyg-

95 1104 97 1110 ’
154 1128 290 1202 domum,
316 1121 401 1205 apud
423 1142 518 1205 quem
538 1120 767 1203 propemodum
790 1123 870 1184 nihil
889 1122 1073 1187 huiusmodi
1092 1125 1181 1188 inve:

154 1239 234 1300 nias.
277 1235 458 1318 Lygdamus
480 1234 669 1316 amplificare
691 1247 783 1311 amat,
805 1246 840 1296 ut
863 1235 983 1317 ubique
1004 1233 1112 1299 videas
1129 1258 1180 1300 rs·

155 1351 305 1435 petitione
327 1348 467 1412 eiusdem
488 1349 677 1426 sententiae3
711 1348 772 1410 hoc
796 1367 874 1425 verq
896 1347 1028 1411 artificio
1051 1350 1180 1413 minime

156 1484 279 1544 semper
299 1475 383 1524 recte
407 1464 519 1539 utitur,
542 1459 599 1523 sed
620 1462 745 1541 saepius
768 1472 832 1523 tam
853 1461 973 1541 inepte,
993 1473 1030 1523 ut
1051 1461 1092 1524 ed
1114 1475 1179 1526 lae·

156 1574 243 1638 dium
256 1595 355 1657 usque
367 1577 504 1636 cumulet
516 1572 611 1636 idem.
639 1571 722 1635 Vide
736 1570 831 1635 modo
843 1574 920 1635 haec
935 1574 990 1650 ΙΙΙ,
1000 1575 1031 1651 4,
1043 1579 1084 1636 85
1094 1597 1178 1660 sqq:

239 1686 323 1748 Nam
344 1698 375 1747 te
398 1707 456 1748 nec
478 1688 559 1750 vasti
578 1699 755 1765 genuerunt
778 1705 917 1769 aequora
938 1684 1046 1767 ponti,

281 1798 349 1861 Nec
369 1797 525 1860 flammam
547 1802 676 1862 volvens
697 1819 752 1861 ore
772 1797 938 1860 Chimaera
962 1798 1050 1877 iero,

240 1911 307 1974 Nec
329 1913 414 1973 canis
436 1913 592 1991 anguinea
613 1910 774 1975 redimitus
797 1926 884 1991 terga
906 1923 1047 1991 caterva,

287 2022 348 2084 Cui
368 2036 432 2086 tres
456 2036 529 2085 sunt
551 2026 675 2105 linguae
698 2026 968 2106 tergeminumque
989 2035 1098 2106 caput,

243 2132 410 2219 Scyllaque
431 2136 604 2216 virgineam
625 2136 754 2199 canibus
776 2138 932 2201 succincta
952 2138 1102 2217 liguram,

284 2247 352 2311 Nec
373 2262 404 2311 te
427 2263 609 2331 conceptam
631 2270 724 2315 saeva
744 2252 855 2312 leaena
874 2252 962 2329 tulit,

241 2363 383 2424 Barbara
405 2383 463 2424 nec
483 2361 629 2445 Scythiae
650 2365 742 2425 tellus
766 2361 965 2428 horrendaue
987 2358 1101 2444 Syrtis.

156 2475 306 2537 Eiusdem
327 2477 469 2557 perversi
489 2476 596 2539 iudicii
618 2489 664 2538 est
685 2477 880 2540 enumeratio
901 2478 996 2554 longa
1021 2474 1179 2547 scelerum,

157 2610 238 2670 quae
259 2609 325 2650 non
345 2589 504 2651 admiserit
523 2589 583 2666 ΙΙΙ,
602 2595 632 2666 5,
651 2592 758 2652 7-14.
784 2585 870 2672 (cum
892 2607 958 2672 quo
977 2589 1051 2649 loco
1073 2584 1182 2647 confer

157 2705 319 2765 Tibullum
337 2704 368 2780 Ι,
390 2711 426 2780 3,
445 2709 496 2765 51.
511 2708 563 2764 52.
584 2703 702 2783 optime
723 2702 806 2764 intra
831 2702 931 2763 iustos
951 2701 1031 2763 fines
1054 2719 1087 2761 se
1108 2718 1182 2760 con·

156 2815 337 2895 tinentem),
359 2828 519 2898 postremo
541 2829 606 2879 tota
625 2817 723 2896 elegia
741 2815 849 2893 tertia,
872 2814 927 2876 ubi
947 2813 1182 2895 propemodum

155 2932 275 3011 ubique
292 2931 446 3009 repetitur
458 2928 551 3008 idem,
569 2928 689 2992 divitias
705 2948 738 2989 se
755 2941 953 2989 contemnere
970 2948 1049 3007 prae
1068 2948 1184 2990 amore.

155 3044 240 3104 Haec
264 3043 357 3121 igitur
385 3045 467 3104 mala
497 3057 585 3120 sum,
615 3044 676 3104 alia
704 3043 770 3103 sine
792 3041 886 3117 vitio,
921 3041 1080 3120 elegantes
1108 3059 1182 3104 vero

156 3155 269 3218 modos
289 3156 546 3236 amplificationis,
568 3158 677 3238 quales
697 3152 780 3238 apud
794 3154 1004 3235 Propertium,
1026 3174 1183 3237 nusquam

157 3267 261 3332 video.
304 3271 410 3351 Atque
438 3270 514 3330 haec
539 3266 578 3329 de
600 3270 661 3330 his.
710 3267 913 3329 Divisionum
941 3286 1019 3330 vero
1051 3286 1102 3327 ars
1129 3266 1185 3327 Ti-

156 3385 315 3458 bulliana,
339 3395 374 3444 ut
393 3384 456 3443 iam
475 3403 569 3461 supra
592 3380 672 3459 dixi,
700 3385 789 3446 abest
810 3385 850 3446 ab
872 3383 1014 3445 oratione
1029 3380 1183 3465 Lygdami

158 3489 301 3574 (omniuo
323 3513 454 3572 perraro
478 3493 577 3553 utitur
594 3492 757 3557 dIvisione.
800 3492 896 3571 Quod
915 3495 970 3572 ΙΙΙ,
983 3501 1014 3556 2.
1034 3495 1116 3557 ritus
1136 3514 1184 3555 se-

156 3606 311 3686 pulcrales
333 3625 392 3684 per
411 3618 516 3685 partes
537 3621 778 3683 enumerantur,
809 3608 952 3689 profecto
973 3609 1007 3669 in
1030 3627 1069 3668 eo
1089 3624 1183 3673 nemo

157 3718 221 3781 vim
234 3719 353 3778 Tibulli
373 3715 488 3780 viderit
500 3719 619 3801 ubique
644 3731 676 3780 et
693 3719 827 3780 inomni
843 3741 878 3781 re
899 3719 1069 3783 divisiones
1084 3738 1184 3779 mem·

157 3835 289 3895 brorum
317 3832 461 3894 facillime
483 3827 703 3913 invenientis);
738 3853 891 3913 quaeres
913 3844 974 3892 tam
998 3842 1107 3913 aperta
1131 3841 1185 3908 est,

159 3961 194 4008 ut
216 3950 284 4008 iure
313 3947 436 4007 mireris
467 3966 531 4007 non
555 3944 809 4006 animadvertisse
840 3964 910 4023 eos,
942 3946 999 4028 qui
1020 3944 1185 4007 Tibullum

158 4076 317 4124 auctorem
327 4063 420 4123 huius
430 4063 864 4124 librihabueruntethabent.
885 4062 1185 4124 Planenonsnclum

160 4186 225 4232 erat
237 4175 331 4237 huius
344 4189 452 4255 poetae
466 4174 627 4253 ingenium
644 4173 682 4234 ad
694 4177 773 4236 hane
788 4174 921 4235 formam
939 4193 1108 4237 nervosam
1121 4176 1186 4236 elo-

160 4284 293 4346 cutionis
311 4286 497 4367 fingendam,
516 4287 571 4370 qni
585 4287 713 4349 omnino
727 4287 758 4351 vi
771 4287 869 4348 multo
880 4286 1012 4348 inferior
1022 4299 1071 4349 est
1080 4288 1185 4349 Albio.
