2468 4838
499 604 685 670 TIBULU.
1024 633 1098 677 xctx

63 792 222 875 ¹eorratpta
253 800 273 841 a
299 780 372 842 lena
396 776 543 842 violasset
565 778 673 854 idem,
706 780 868 864 bucusque
891 781 950 842 soli
972 780 1100 845 Tibullo

71 894 205 978 obsequi
227 892 314 969 viss,
343 903 376 953 et
398 888 526 955 divitem
553 904 723 956 amatorem
750 890 931 959 admisisset.
980 897 1099 959 Tamen

72 1032 138 1076 uon
159 1008 234 1072 tulit
254 1006 312 1071 diu
333 1008 420 1070 ltuuc
439 1018 554 1071 etatum
576 1028 682 1070 rerum
700 1008 845 1072 Tibullus
865 1020 896 1070 et
917 1009 949 1071 in
970 1009 1100 1089 gratiam

71 1120 176 1187 redire
209 1140 285 1185 cum
319 1132 423 1184 amata
450 1120 621 1183 constituit.
680 1121 746 1182 lam
773 1122 903 1184 affectus
932 1123 1099 1203 primarius

72 1240 190 1321 elegiae
205 1249 254 1302 est
267 1233 456 1301 desiderium
470 1236 596 1300 lerveus
609 1234 741 1298 tollendi
751 1236 958 1299 intolerabilis
971 1237 1100 1317 discidii,

73 1350 162 1438 quod
181 1352 413 1414 intercesserat.
455 1348 576 1410 Primae
602 1366 693 1412 voces
718 1348 813 1412 buius
839 1347 985 1413 desiderii
1007 1372 1100 1416 exor-

74 1467 162 1531 dium
179 1466 293 1541 babet,
313 1482 387 1525 nam
405 1462 508 1525 statim
526 1462 560 1523 in
578 1461 734 1545 principio
752 1466 888 1547 erumpit
906 1464 992 1549 quod
1011 1480 1100 1546 urget

74 1584 226 1646 animum.
268 1582 353 1644 Tum
374 1576 521 1643 disertior
538 1577 572 1639 fit
591 1579 753 1661 persuasio
774 1581 809 1641 in
829 1580 933 1644 medio
951 1581 1098 1659 carmine,

74 1716 110 1760 aa
130 1694 213 1760 duae
231 1679 467 1775 distinguendae
488 1707 562 1756 stunt
581 1707 686 1776 partes
705 1714 827 1772 retum,
850 1696 1001 1776 gradatim
1023 1718 1097 1779 pro-

73 1810 207 1875 deuntes
237 1830 281 1872 ex
310 1811 462 1892 primario
494 1811 619 1874 affectu.
672 1811 778 1874 Prima
806 1822 871 1874 tota
904 1811 936 1873 in
970 1816 1098 1896 querela

73 1937 235 2004 versatur,
254 1923 426 2007 depingens
444 1947 584 1990 amorem
601 1939 714 2009 poetae
735 1938 845 1988 mutuo
861 1925 973 1988 Deliae
991 1946 1097 1988 atnore

73 2038 310 2121 dignissimum:
353 2038 432 2123 quid
463 2040 572 2103 lecerit
605 2052 784 2122 aegrotante
817 2039 929 2115 Delia,
973 2040 1097 2121 qualem

73 2154 251 2216 felicitatem
272 2150 345 2215 inde
367 2154 556 2234 speraverit,
587 2155 643 2236 qui
669 2152 795 2215 dolores
816 2155 912 2215 secuti
939 2152 1001 2214 sint
1030 2152 1097 2213 lm·

73 2278 168 2330 strata
197 2284 276 2349 spe3
317 2286 453 2349 quorum
483 2268 627 2328 locorum
656 2284 791 2348 sequens
821 2265 954 2347 quisque
984 2265 1097 2326 eximie

74 2381 135 2443 sins
154 2381 306 2464 querelae
325 2390 433 2460 auget,
454 2379 629 2441 coniunctis
647 2391 681 2440 ut
699 2391 799 2440 totum
816 2380 944 2441 exsistat
962 2379 1098 2440 maxime

72 2494 235 2574 elegicum.
283 2494 398 2557 Monoi
421 2493 577 2575 saprade
603 2496 662 2556 boc
686 2513 823 2557 nervoso
845 2514 958 2574 genere
986 2506 1097 2557 tracta·

73 2611 168 2673 tionis
175 2654 187 2689 ,
225 2607 312 2693 qttod
346 2610 561 2692 oppositanun
592 2608 836 2689 descriptionum
869 2611 949 2671 serie
977 2609 1097 2672 nititur.

74 2723 137 2786 ism
159 2723 307 2807 sequitur
325 2723 359 2784 in
380 2724 477 2802 elegia
499 2723 596 2783 altera
614 2742 688 2802 pars
708 2741 830 2798 rerum,
851 2742 932 2804 quae
953 2733 1097 2784 externae

74 2858 182 2903 musas
211 2836 334 2901 discidii
362 2858 525 2901 removere
554 2849 696 2900 conante.
745 2836 826 2899 Nam
854 2855 1003 2918 oppressa
1031 2849 1097 2898 tum

74 2966 140 3018 erat
160 2954 316 3017 memoria
336 2953 455 3016 Tibulli
477 2955 510 3016 in
532 2956 636 3016 animo
655 2953 766 3014 Deliae
788 2952 857 3014 aliis
877 2952 974 3014 rebus
994 2951 1096 3031 potio-

73 3068 179 3145 ribus,
209 3068 336 3130 vstebn
361 3065 446 3148 opud
473 3087 542 3129 eam
568 3066 659 3127 lenae
688 3063 850 3126 cuiusdam
877 3062 1002 3124 infamis
1026 3081 1097 3124 aor-

72 3183 180 3267 t'ttptio
209 3194 242 3246 et
270 3180 376 3246 divine
405 3182 553 3245 amatorie
581 3179 725 3262 pecunia.
778 3178 864 3241 Haec
891 3177 986 3255 igitur
1013 3197 1096 3237 nunc

73 3298 268 3382 sggnditnr,
290 3310 322 3361 ct
340 3299 442 3362 voluit
463 3300 508 3361 sic
524 3298 617 3359 etiam
637 3292 785 3357 directius
807 3308 938 3354 avocare
959 3290 1098 3370 puellam

74 3415 113 3477 ab
131 3412 263 3495 incepto
282 3432 398 3493 genere
417 3411 510 3476 ritae.
550 3409 605 3472 Est
626 3427 703 3471 vero
727 3427 790 3470 nou
813 3406 916 3467 minus
937 3406 1098 3486 praeclara

73 3526 217 3591 nmtntio
234 3526 454 3606 antecedente3
476 3546 549 3589 nant
566 3528 671 3588 lenam
689 3522 796 3586 obruit
813 3519 1097 3602 imprecationibus,

74 3650 104 3703 et
129 3639 246 3703 Deliae
273 3638 438 3704 commoda
468 3639 620 3717 ostendit,
660 3660 741 3723 quae
771 3638 919 3720 pauperis
950 3633 1097 3697 amatoris

75 3772 164 3817 anor
195 3754 330 3832 babeat,
373 3755 538 3837 placetque
572 3753 735 3835 insigniter
771 3749 929 3833 oppositio
963 3768 1097 3810 nervosa

75 3864 285 3946 picturarum:
305 3867 373 3932 irae
387 3866 420 3931 in
436 3873 541 3932 lenam
558 3870 713 3932 terribiles
729 3898 773 3913 -
788 3865 927 3929 officiosa
940 3861 1099 3942 diligentia

75 3981 154 4045 abes
183 3994 341 4062 amatam,
378 3982 472 4049 foeda
503 4004 608 4069 poena
638 3979 838 4063 conuptricie
862 4009 906 4026 —
934 3975 1097 4039 commode

77 4097 197 4175 puellae
221 4097 257 4160 in
283 4094 379 4160 tien
399 4116 555 4163 ravenae.
604 4095 656 4160 Sic
676 4094 757 4158 dixit
778 4093 884 4156 omnia
906 4110 987 4175 quae
1008 4099 1098 4172 pote-

79 4222 161 4276 rant:
186 4232 317 4277 movere
336 4211 455 4276 studuit
470 4215 599 4297 qraerela
614 4208 731 4274 amoris
751 4205 949 4271 sincerissimi
965 4216 996 4266 et
1008 4200 1098 4264 dolo·

79 4342 144 4386 ram
161 4346 243 4409 quos
261 4327 394 4409 patitur,
417 4349 576 4410 aggressus
594 4341 640 4392 est
657 4326 769 4390 lortius
786 4335 905 4387 terrore
922 4337 1096 4404 poenarum

740 4444 799 4516 g2
