2468 4838
474 420 487 441 0

167 631 247 675 canu
579 612 637 676 DE
659 608 777 679 tonet

232 783 404 868 Postquam
423 783 469 875 de
490 784 655 848 schematis
677 781 864 867 quibusdam
892 783 1054 867 patheticis
1080 782 1191 867 impri-

167 896 291 982 misque
312 896 351 961 de
372 899 569 982 repetitionis
589 896 695 978 figuris
717 898 923 980 explicuimus
940 899 975 960 in
991 899 1101 976 vigore
1119 918 1192 959 ora·

168 1007 263 1074 tionis
288 1011 432 1092 augendo
458 1013 538 1074 tenti
561 1011 727 1090 momenti,
755 1013 954 1074 nuncetiam
976 1009 1191 1074 deoon'otions

167 1125 320 1189 cretionis
340 1124 557 1208 quaerendum
578 1123 679 1204 dicas,
710 1145 791 1207 quas
813 1134 845 1186 et
864 1125 933 1207 ipsa
954 1125 993 1187 ab
1017 1125 1079 1186 alia
1099 1136 1189 1205 parte

167 1238 253 1300 hunc
273 1239 415 1320 vigorem
435 1249 600 1314 sustentat,
625 1259 682 1302 nec
702 1237 777 1301 sinit
795 1240 996 1318 languescere
1015 1238 1189 1301 verborum

168 1373 306 1417 cursum.
347 1353 470 1437 Nempe
492 1355 623 1420 variatio
646 1354 739 1416 stiam
760 1365 906 1426 ornatum
929 1372 1077 1433 magnum
1097 1352 1189 1415 affert

166 1467 320 1547 orationi,
349 1479 385 1529 ut
406 1479 543 1546 constat,
567 1466 622 1530 ubi
645 1464 814 1530 studiosius
837 1478 1005 1546 tractatur,
1029 1487 1064 1528 ec
1086 1478 1188 1549 potest

105 1629 110 1643 .
166 1579 271 1642 mttltis
299 1579 402 1644 modis
428 1581 545 1645 variari
573 1578 693 1660 oratio;
723 1578 808 1662 apud
829 1581 992 1642 Tibullum
1013 1600 1091 1643 vero
1114 1579 1187 1642 sim-

164 1694 279 1776 plicior
304 1708 366 1775 est,
396 1708 428 1758 et
450 1696 506 1758 ubi
533 1693 716 1773 adhibetur,
747 1699 851 1758 minus
877 1707 1007 1759 ornatus
1031 1706 1187 1776 spectatur

168 1829 264 1892 quam
289 1810 337 1873 vis
365 1822 397 1873 et
425 1810 566 1874 alacritas
595 1793 756 1873 orationis.
805 1811 910 1892 Atque
930 1819 967 1871 ut
988 1808 1128 1891 primum
1148 1804 1186 1869 de

166 1922 296 2001 singulis
321 1920 459 1986 distichis
485 1920 602 2002 dicam,
635 1943 706 1984 cum
729 1922 764 1983 in
785 1922 835 1985 his
858 1942 971 2003 magna
994 1922 1187 1985 concinnitas

166 2035 383 2097 membrorum
406 2047 514 2115 regnet
536 2032 622 2118 apud
642 2034 822 2112 Tibullum,
852 2053 927 2097 raro
949 2034 1092 2098 variatur
1116 2052 1186 2096 ora-

166 2150 229 2227 tio,
258 2150 314 2213 ubi
336 2162 439 2211 autem
460 2150 511 2228 fit,
539 2150 642 2213 levior
662 2162 707 2212 est
728 2149 877 2224 mutatio,
906 2150 975 2211 telis
995 2160 1102 2210 tamen
1125 2168 1186 2231 qua

166 2263 216 2324 vis
237 2274 292 2325 aut
312 2261 495 2342 magnitudo
515 2262 599 2324 iusta
618 2263 730 2326 ultimo
751 2265 892 2325 membro
912 2264 1064 2325 afferatur
1084 2275 1114 2324 et
1131 2263 1184 2324 uix

166 2378 264 2438 semel
282 2374 503 2438 detrimentum
521 2374 637 2458 ceperit
655 2377 857 2439 concinnitas.
885 2372 968 2438 Vide
987 2376 1076 2440 locos
1091 2376 1185 2460 ipsos.

166 2491 198 2570 l,
218 2496 257 2566 2,
280 2493 340 2551 322

249 2598 325 2664 Non
347 2599 425 2661 mihi
446 2597 537 2681 pigra
558 2611 673 2662 nocent
696 2601 847 2664 hibernae
868 2600 986 2680 frigore
1010 2601 1127 2680 noctis,

294 2711 370 2777 Non
391 2712 485 2790 mihi,
516 2732 588 2774 cum
609 2714 708 2776 multa
730 2711 844 2776 decidit
863 2713 966 2776 imber
986 2736 1081 2798 eqcta.

165 2831 197 2908 1,
219 2837 257 2907 9,
282 2829 342 2888 14:

248 2942 315 3002 lam
339 2939 416 3000 mihi
440 2939 599 3019 persolvet
620 2955 756 3019 poenas,
784 2937 950 3021 pulvisque
974 2935 1122 3002 decorem

293 3051 445 3114 Detrahet
468 3063 500 3113 et
522 3051 623 3114 ventis
645 3049 775 3113 horrida
798 3051 878 3113 facta
899 3069 1000 3113 coma.

333 3161 400 3250 (pr.
417 3176 448 3227 et
468 3163 556 3230 venti
576 3161 740 3227 horridam
760 3182 839 3227 com.
854 3159 1030 3246 facientes.)

163 3279 196 3357 1,
219 3285 258 3358 3,
282 3284 340 3342 17:

249 3392 315 3453 Aut
336 3408 394 3468 ego
415 3408 485 3451 sum
507 3399 650 3450 causatus
675 3407 748 3451 aves
770 3398 825 3450 aut
845 3387 952 3450 omina
973 3385 1060 3468 dha,

291 3500 420 3563 Sabarai
441 3512 495 3562 aut
517 3520 636 3562 sacrem
657 3522 707 3563 ms
728 3502 866 3564 tenuisse
887 3499 981 3563 diem.

164 3617 211 3696 Il,
233 3621 272 3693 5,
295 3621 355 3679 71:

247 3728 316 3791 Has
337 3714 407 3790 fore
429 3724 579 3789 dixerunt
599 3726 675 3788 belli
694 3727 777 3788 male
797 3724 885 3805 signs
906 3734 1068 3803 cometen,

289 3840 412 3903 Multus
433 3852 469 3902 ut
492 3839 527 3900 in
549 3851 648 3901 terras
670 3837 897 3921 deplueretque
918 3838 1010 3919 lapis.

308 3949 410 4038 (Alias
432 3953 619 4015 mutationes
638 3948 807 4013 modorum
828 3968 893 4011 non
916 3945 1037 4032 habet.)

163 4066 195 4143 1,
217 4067 254 4144 4,
279 4070 338 4129 11:

246 4176 306 4238 Hic
327 4178 438 4258 placet,
458 4175 596 4255 angustis
612 4172 698 4257 quod
714 4194 831 4257 equum
853 4171 1022 4253 compescit
1040 4171 1187 4234 hebeuis:

292 4290 350 4352 llic
373 4287 527 4370 placidam
549 4287 641 4354 niveo
664 4301 790 4369 pectore
812 4288 901 4368 pellit
923 4305 1058 4369 squam:
