2468 4838
480 609 668 679 TIBULLI·
1012 642 1083 685 oxu

55 788 128 853 bbro
141 787 243 850 buius
261 782 451 850 collectionis
464 786 599 848 verbum
612 784 753 850 addatur.
793 789 840 851 Ac
852 789 990 871 primum
1011 793 1083 878 qui.

56 900 131 965 dem
146 900 325 963 carminum
345 918 466 976 corum,
487 899 603 981 quibus
619 898 775 982 Sulpiciae
790 914 821 965 ct
835 902 979 969 cerinthi
997 929 1084 973 nmo·

55 1034 106 1079 res
128 1025 307 1092 canuntur,
331 1032 383 1074 me
404 1011 567 1074 Tibullum
598 1026 757 1076 auctorem
784 1015 902 1079 babere
923 1041 994 1083 cum
1015 1024 1084 1087 aliis

56 1148 154 1210 snpra
175 1125 293 1191 vidisti.
334 1122 534 1208 Quamquam
554 1124 650 1205 igitur
670 1127 748 1189 haec
768 1127 877 1193 breuis
899 1147 1083 1213 argumenta

57 1240 268 1305 divisionibus
293 1259 405 1301 rerum
432 1239 467 1299 in
490 1250 596 1329 partes
622 1238 840 1322 frequentibus
868 1246 972 1309 minus
1001 1262 1083 1332 apta,

57 1369 161 1419 tamen
183 1355 246 1417 boc
268 1352 434 1416 artificium
454 1353 669 1415 Tibullianum
696 1356 813 1435 passim
839 1360 931 1423 etiam
951 1361 1003 1425 bic
1028 1364 1083 1428 ad·

58 1468 195 1553 bibitum
217 1464 325 1531 uideas
344 1465 527 1543 manifesto,
553 1466 611 1526 ubi
631 1466 841 1532 commodum.

58 1610 153 1689 tv,2.
173 1608 264 1673 Illius
286 1626 327 1668 ex
349 1606 466 1684 oculis,
494 1627 564 1668 cum
586 1607 654 1669 vult
678 1628 813 1670 exurere
834 1606 943 1691 divos,

187 1719 339 1784 Accendit
359 1710 497 1801 geminas
514 1715 675 1800 lampadas
695 1742 767 1784 scer
786 1722 898 1787 Amor.

139 1837 250 1913 Illam,
274 1830 428 1917 quidquid
450 1832 528 1913 agit,
555 1852 685 1918 quoquo
708 1837 838 1916 vestigia
856 1840 970 1921 movit,

188 1946 359 2028 Componit
379 1944 489 2007 furtim
509 1947 773 2031 subsequiturque
795 1950 913 2015 Decor.

144 2058 211 2124 Seu
229 2060 322 2123 soluit
343 2058 460 2136 crines,
487 2058 564 2121 lusis
585 2058 674 2122 decet
693 2081 759 2125 esse
780 2064 916 2145 capillis:

188 2172 253 2237 Seu
275 2172 424 2255 compsit,
454 2172 585 2254 comptis
607 2186 653 2236 cst
673 2177 854 2257 veneranda
875 2180 981 2244 comie.

142 2285 232 2363 Urit,
257 2307 314 2349 seu
334 2286 433 2369 Tyria
453 2286 555 2350 voluit
574 2285 746 2367 procedere
765 2290 867 2370 palla:

188 2399 279 2478 Urit,
309 2420 364 2462 seu
385 2398 478 2463 niven
500 2397 632 2460 candida
653 2390 857 2465 veste'venit.

538 2514 608 2527 ——

64 2566 157 2646 tv,⁴.
177 2564 306 2644 Sancte,
327 2566 416 2643 veui,
437 2577 602 2649 tecumque
623 2566 721 2644 ieras,
743 2568 924 2650 quicunque
945 2588 1084 2650 sapores,

193 2676 381 2761 Quicunque
404 2690 435 2741 et
457 2690 565 2740 centus
587 2697 721 2760 corpora
743 2680 825 2742 fessa
844 2682 961 2744 levant.

64 2846 115 2926 tv,
123 2854 155 2911 3.
175 2848 274 2908 Parce
293 2866 364 2909 meo
386 2845 510 2923 iuveni,
539 2865 595 2906 seu
620 2841 690 2927 quis
712 2846 797 2906 bona
816 2865 933 2926 pascua
952 2849 1053 2932 campi

192 2958 257 3020 Seu
278 2960 353 3022 colis
376 2957 518 3021 umbrosi
537 2955 629 3019 davia
649 2956 765 3020 montis
785 2978 871 3038 aper.
951 2952 955 2962 '

64 3129 141 3195 ibid.
162 3124 246 3207 Quis
266 3128 357 3189 furor
377 3139 438 3204 cst,
460 3146 540 3209 quae
561 3145 665 3202 mens,
688 3121 802 3185 densos
821 3122 968 3205 indagine
990 3130 1084 3193 colles

192 3238 398 3303 claudentem
422 3250 544 3301 teneras
566 3235 688 3298 laedere
711 3237 790 3297 velle
811 3241 936 3299 manns?

147 3352 274 3434 Quidve
294 3355 382 3417 iuvet
403 3350 514 3413 furtim
532 3350 668 3412 latebras
692 3347 810 3409 intrare
833 3349 972 3411 ferarum

193 3465 400 3550 Candidaque
420 3465 553 3526 hamatis
576 3484 666 3524 crure
685 3473 797 3523 notare
817 3457 929 3525 rubis?

64 3584 175 3651 collat.
189 3584 262 3646 Tib.
270 3587 297 3660 1,
305 3582 335 3658 4,
343 3581 395 3642 47:
416 3577 483 3640 Ncc
495 3589 524 3639 te
536 3577 693 3659 paeniteat
707 3573 804 3636 duros
818 3575 950 3639 subiisse
961 3576 1086 3638 labores

187 3695 254 3757 Aut
275 3713 374 3775 opera
394 3668 530 3753 insuetas
551 3689 713 3752 attenuisse
733 3709 852 3764 moeurs,

146 3808 234 3887 Neo,
253 3807 330 3871 uelit
350 3803 471 3868 insidiis
492 3804 569 3865 eltae
588 3801 615 3863 si
639 3799 784 3863 claudere
805 3799 920 3874 ualles,

190 3922 282 3984 Dum
300 3920 442 4002 placeas,
468 3918 580 3979 bunum
597 3915 675 3977 retia
696 3915 778 3975 serre
800 3923 921 3991 negent.

67 4060 159 4142 Quod
189 4062 275 4125 enim
307 4060 402 4123 simul
435 4027 511 4122 ¹blm
550 4074 665 4136 genera
698 4053 913 4113 membrorum
947 4049 1088 4131 corporis

68 4181 227 4244 nominata
256 4186 332 4239 sunt
365 4173 401 4234 in
430 4172 480 4235 his
511 4169 629 4232 ultimis
658 4166 835 4240 sententiis,
873 4185 939 4226 non
970 4176 1087 4227 temere

68 4291 181 4356 lactum
201 4301 295 4373 puta,
316 4283 372 4349 sed
388 4296 519 4367 propter
536 4280 776 4346 concinnitatem
793 4275 969 4356 divisionis,
994 4299 1088 4362 quam
