2468 4838
125 656 222 700 extus
535 634 593 696 DE
615 631 735 701 Pouet

128 808 232 876 nuerit
252 806 362 871 Deliae
390 826 451 870 usu
479 805 595 885 iratus,
627 804 682 871 sed
712 808 812 870 statim
839 819 930 889 rogat
958 807 1085 872 Deliam
1111 823 1146 873 ut

126 925 231 1008 potius
251 921 417 986 condonet.
467 919 569 981 Porro
591 920 614 997 1,
640 923 670 996 9,
691 924 722 981 5.
742 919 886 1003 loquitur
906 920 946 985 de
969 942 1077 1005 poeno
1097 922 1146 985 di·

126 1040 200 1106 vina
219 1036 312 1120 pueri
334 1033 463 1117 perfidi,
490 1033 545 1095 sed
566 1035 621 1096 vix
641 1035 764 1097 locutus
783 1037 984 1100 miseratione
1006 1038 1146 1118 tangitur

125 1167 157 1218 et
187 1153 372 1236 deprecatur
402 1170 481 1213 eam.
536 1149 619 1211 Tum
647 1172 677 1213 r.
706 1156 836 1212 11-12.
869 1150 910 1213 ad
940 1152 1022 1217 iram
1054 1151 1147 1215 redit.

125 1269 228 1333 Canu.
249 1268 274 1344 l,
296 1273 346 1344 10,
367 1265 437 1327 init.
466 1265 627 1327 invehitur
653 1267 789 1344 graviter
816 1266 851 1326 in
872 1267 1009 1347 primum
1032 1267 1145 1328 inven-

124 1396 225 1447 torem
246 1381 367 1443 ensium
387 1378 581 1452 bellicorum,
603 1396 680 1438 mox
700 1398 777 1440 vero
799 1389 926 1440 excusat
948 1398 1021 1440 eum
1043 1390 1076 1439 et
1094 1398 1145 1440 ce·

124 1511 208 1561 teros
229 1495 372 1558 homines
394 1503 525 1554 accusat.
564 1493 729 1555 Postremo
745 1493 786 1565 Π,
804 1499 833 1570 6,
850 1500 867 1554 7
884 1511 954 1573 sqq·
976 1489 1146 1553 exordium

123 1613 217 1695 plane
246 1607 449 1671 dramaticum
475 1616 542 1668 est:
573 1607 672 1686 surgit
690 1607 798 1668 animo
820 1607 985 1671 consilium
1005 1605 1145 1669 obeundi

122 1724 157 1786 in
177 1725 304 1800 bellum,
324 1732 392 1783 tum
413 1720 536 1782 fortiter
556 1721 686 1801 capitur,
708 1719 763 1784 scd
783 1721 838 1784 rix
860 1733 986 1803 captum
1005 1718 1145 1803 denique

125 1838 268 1901 obiicitur
288 1837 414 1911 itersrm,
435 1854 505 1897 cum
526 1836 574 1898 vis
596 1835 675 1897 desit
696 1835 812 1897 animo.
852 1834 952 1898 Vides
974 1855 1071 1917 qssam
1091 1834 1144 1896 hic

123 1954 229 2017 varius
250 1963 355 2014 motus
376 1950 414 2010 sit
435 1950 548 2011 strevis.
597 1950 673 2011 Post
699 1948 865 2012 exordium
891 1950 925 2012 in
945 1947 1052 2012 medio
1074 1968 1145 2011 cer·

122 2067 223 2143 minc,
244 2079 280 2128 ut
299 2066 360 2127 boc
382 2065 483 2126 statim
505 2061 634 2140 addam,
656 2062 705 2124 bis
726 2060 898 2124 adhibitam
917 2081 987 2124 rem
1007 2059 1102 2125 video
1124 2083 1145 2124 a

122 2182 266 2260 Tibullo,
295 2180 432 2262 primum
452 2180 478 2256 1,
500 2183 531 2239 6.
551 2177 607 2239 ubi
629 2198 700 2239 cum
721 2199 753 2241 r.
776 2182 827 2238 16.
849 2177 998 2256 abreptus
1018 2175 1068 2237 irs
1089 2195 1144 2237 ze·

121 2297 258 2381 lotypiac
292 2295 421 2358 dixisset
448 2291 574 2374 coniugi
602 2293 731 2356 Deliae:
765 2312 815 2354 me
846 2311 975 2376 quoque
1006 2302 1144 2368 servato,

121 2424 229 2495 peccet
256 2421 292 2472 ut
319 2408 374 2472 illo
400 2407 496 2484 nihil,
527 2429 559 2471 v.
581 2413 631 2470 23.
654 2418 772 2471 mutate
793 2407 947 2469 sententis
967 2402 1144 2469 emtodiam

120 2524 243 2606 puellae
269 2521 331 2583 sibi
356 2518 605 2597 mandarimus,
635 2531 666 2581 et
692 2521 783 2600 11,s,
807 2522 860 2584 49.
887 2521 944 2584 ubi
969 2519 1079 2601 opinio
1100 2518 1144 2583 de

121 2639 295 2721 frugalitate
316 2634 457 2699 Nemesis
478 2635 583 2699 subito
601 2647 757 2712 mutatur,
789 2658 824 2699 ac
846 2635 972 2701 docebit
990 2647 1023 2699 te
1044 2634 1143 2699 Com·

121 2753 291 2818 mentarius
312 2750 389 2835 quid
410 2751 470 2814 sibi
491 2752 566 2815 velit
586 2752 631 2813 ibi
648 2772 709 2814 res.
753 2749 815 2814 Sed
831 2753 924 2815 unica
939 2764 1045 2816 tamen
1061 2750 1143 2816 haec

121 2868 279 2946 exempla3
308 2866 401 2943 vulgo
424 2864 507 2924 enim
527 2865 631 2925 minus
652 2867 757 2926 locum
777 2867 873 2928 habet
897 2866 997 2946 figure
1022 2867 1058 2929 in
1084 2868 1143 2930 tali

118 2993 207 3064 parte
229 2978 360 3059 elegiae,
381 2979 437 3039 ubi
458 2979 524 3039 iere
546 2979 713 3042 continuus
728 2975 912 3061 progressus
931 3004 1039 3046 rerum
1060 2987 1143 3048 solet

120 3116 195 3172 esse,
220 3092 333 3154 eximie
354 3111 429 3154 vero
452 3103 524 3172 apta
544 3091 577 3153 in
600 3092 737 3155 exordiis
757 3107 804 3157 est
824 3107 856 3157 et
876 3095 911 3157 in
932 3099 1036 3177 exitu3
1058 3099 1142 3164 etin

120 3211 180 3270 hoc
203 3204 347 3289 quidem,
378 3225 447 3267 cum
471 3207 668 3289 abrumpitur
689 3229 799 3271 cursus
820 3212 910 3291 prior
931 3209 1065 3292 elegiae,
1097 3212 1139 3277 de

119 3340 184 3403 quo
205 3320 313 3399 paullo
336 3330 406 3398 post
428 3317 545 3395 dicam,
576 3320 611 3380 iu
633 3320 771 3397 exordiip
801 3336 905 3386 sutem
932 3336 970 3386 ut
997 3337 1031 3388 et
1057 3325 1141 3391 sivi·

119 3435 206 3511 dior,
235 3433 366 3494 liberior
393 3444 496 3492 motus
522 3433 651 3494 affectus
677 3437 777 3516 possit
799 3457 883 3515 esse,
911 3447 944 3499 et
963 3435 1070 3501 redire
1090 3451 1141 3502 ta·

118 3567 191 3608 men
222 3545 295 3606 inde
323 3545 411 3606 iacilc
441 3559 533 3627 queat
560 3561 670 3629 poeta,
705 3571 838 3633 eamque
865 3551 950 3616 viam
977 3555 1140 3637 persequi,

118 3681 212 3744 quam
235 3660 331 3739 elegia
352 3679 436 3718 nttnc
456 3662 602 3739 postulet.
643 3659 723 3725 Satis
741 3661 781 3727 de
798 3665 858 3727 his.
899 3662 950 3726 Ad
970 3667 1141 3746 supetiora

116 3788 153 3837 ut
174 3774 316 3852 redeam,
350 3772 474 3835 abunde
496 3773 631 3839 indicavi
651 3777 696 3838 ibi
718 3777 795 3860 quid
815 3782 917 3841 inesse
938 3781 973 3841 in
995 3779 1140 3844 exordiis

117 3893 230 3969 soleat,
261 3913 296 3954 ac
318 3911 390 3953 cum
412 3887 496 3970 apud
523 3892 600 3952 alios
626 3893 774 3955 introitus
801 3894 916 3974 elegiae
941 3914 1036 3976 saepe
1062 3896 1139 3977 per·

117 4003 221 4065 brevis
242 4007 298 4081 sit,
328 4017 364 4066 ut
384 4007 569 4090 plerumque
592 4008 676 4088 apud
696 4009 896 4089 Propertium
920 4020 951 4070 et
973 4005 1139 4090 Ovidimn,

118 4120 308 4180 contrarium
325 4139 446 4181 morem
468 4122 610 4202 sequitur
626 4122 780 4195 Tibullus,
802 4121 890 4182 cuius
913 4121 1047 4186 exordia
1069 4126 1137 4188 iere

116 4228 258 4308 longiora
288 4247 358 4297 sunt
388 4248 417 4298 et
445 4237 598 4299 vestibula
626 4237 746 4316 egregia
773 4234 956 4297 carminum.
1000 4236 1137 4300 Minime

118 4340 211 4417 igitur
238 4344 307 4411 dico
335 4350 411 4412 alios
437 4354 531 4432 plane
552 4349 682 4413 eandem
703 4351 856 4412 rationem
878 4351 985 4434 sequi;
1014 4352 1137 4417 Tibulli
