2468 4838
475 625 602 690 VITAE
636 624 817 690 TlBULLI.

453 918 575 983 vtnn
617 911 831 980 r1nuun1
918 875 922 884 ’

262 1088 435 1146 AUCTORE
458 1085 685 1143 HIERONYHO
707 1083 979 1147 sbssxtNttttho.
996 1087 1022 1154 ⁹)
1072 1099 1076 1107 '

217 1269 326 1333 Albius
353 1270 497 1335 Tibullus
526 1291 622 1354 eques
650 1272 778 1335 illustris
801 1281 833 1333 et
852 1269 980 1350 insignis
998 1267 1100 1329 forma
1118 1264 1152 1326 in

28 1426 35 1442 .
133 1386 212 1447 urbe
231 1406 362 1450 romans
383 1388 439 1451 ubi
460 1397 551 1450 naurs
571 1375 734 1469 pergratus
755 1397 786 1448 et
804 1384 989 1450 militaribus
1008 1383 1032 1462 ἵ
1054 1392 1085 1444 et
1103 1392 1152 1443 to·

132 1498 208 1576 gatis
229 1499 323 1578 signis
351 1498 412 1562 tuit
442 1518 541 1582 qumn
562 1500 713 1561 virescet
738 1495 846 1560 doctus
863 1498 888 1575 †
908 1518 965 1560 nec
991 1500 1018 1570 Ῐ
1044 1507 1080 1557 ut
1103 1513 1152 1557 so-

131 1613 197 1674 lent
217 1609 345 1695 quidam
366 1614 489 1677 mutum
513 1624 628 1699 anstep
651 1619 682 1686 1:
706 1624 737 1674 et
752 1613 872 1676 tristem
892 1610 948 1676 sed
968 1611 1109 1694 hylarem
1125 1610 1155 1679 1¹

11 1752 17 1757 ·
133 1738 163 1789 et
197 1724 368 1791 iocundum
405 1749 478 1809 erga
507 1747 614 1791 omnes
644 1729 756 1791 babuit
786 1727 811 1805 †
847 1723 973 1808 Quippe
1008 1723 1153 1785 Tibullus

131 1852 249 1905 statura
274 1842 407 1924 pulcher
433 1847 456 1925 1
483 1863 613 1926 corpore
635 1843 720 1924 agilis
740 1842 832 1906 Facie
863 1837 1017 1903 iucundus
1042 1840 1069 1910 Ῐ
1092 1837 1153 1897 lin·

131 1942 192 2036 'guo
213 1956 350 2033 comis1
368 1957 510 2019 moribus
531 1955 676 2037 dulcis1
697 1967 727 2018 et
746 1954 907 2016 familiaris
928 1961 995 2013 crnt
1021 1950 1048 2019 1
1072 1950 1153 2009 Ante

132 2068 210 2131 elios
238 2087 314 2132 vero
345 2068 407 2131 sibi
430 2070 517 2131 omni
537 2069 643 2132 officio
667 2073 692 2140 1
719 2078 750 2130 ot
771 2066 989 2129 benevolentia
1009 2063 1155 2124 Messalla

132 2183 279 2246 corvinus
300 2182 377 2246 levit
396 2183 422 2261 †
444 2185 521 2246 Emt
551 2183 601 2248 hic
631 2193 738 2244 orstor
757 2182 886 2261 insignis
912 2183 938 2257 1
963 2191 1057 2262 atque
1080 2197 1154 2242 con·

130 2295 216 2359 sellio
243 2308 276 2358 et
302 2314 401 2378 opera
420 2293 569 2362 Octavius
597 2297 744 2378 princeps
770 2297 917 2376 gravibus
947 2296 981 2356 in
1001 2296 1097 2356 rebus
1119 2313 1154 2354 ac

81 2396 85 2401 ’
130 2409 275 2471 maximis
290 2405 479 2482 utebaturss
501 2410 627 2471 Amavit
644 2406 770 2490 quidem
790 2409 951 2471 Tibullum
967 2408 1113 2469 Messalla
1132 2408 1156 2480 †

131 2517 345 2600 Eundemqst
380 2529 412 2580 et
440 2515 584 2581 domist
611 2517 688 2580 foris
715 2519 821 2581 multis
845 2518 935 2582 donis
959 2515 987 2590 1
1013 2529 1044 2580 et
1064 2517 1154 2580 favo·

131 2632 220 2695 ribus
240 2631 415 2694 sublevavit
432 2629 459 2708 †
477 2627 591 2714 Neque
623 2649 700 2694 uero
721 2630 866 2696 Tibullus
892 2631 952 2694 fide
980 2632 1084 2694 minus
1105 2634 1154 2694 in·

130 2759 216 2828 tegre
246 2764 435 2830 mrocnnque
462 2744 499 2808 in
525 2766 561 2809 re
582 2741 729 2808 obsttndo
747 2748 884 2810 solicitus
904 2748 928 2824 †
955 2743 1018 2808 Sed
1040 2765 1155 2826 percu·

130 2859 222 2944 pitius
243 2859 375 2923 bononie
396 2857 463 2920 eius
484 2869 516 2920 st
537 2859 637 2921 cultor
658 2872 726 2922 eret
753 2859 779 2937 1·
805 2858 962 2938 Aegaeum
983 2879 1060 2922 vero
1083 2880 1154 2924 cum

131 2994 170 3040 eo
191 2974 340 3054 navigans
359 2992 447 3037 mare
467 2973 550 3036 mala
565 2973 736 3039 valitudine
754 2984 862 3055 captus
883 2985 928 3036 est
951 2973 975 3050 †
998 2975 1089 3037 Tunc
1103 2996 1154 3035 sa-

129 3089 204 3152 lutis
235 3108 327 3153 causa
360 3088 539 3170 proximem
567 3090 602 3151 in
628 3101 745 3157 terram
770 3088 945 3172 phseotism
972 3089 1054 3151 bons
1084 3110 1154 3151 cum

130 3200 293 3265 Messallae
312 3199 438 3265 licentio
467 3201 614 3265 conscilio
635 3202 796 3267 voluntate
825 3200 975 3263 concessit
1003 3219 1154 3284 srmaqnc

132 3300 238 3396 posuit
256 3314 303 3377 ibi
325 3315 349 3391 †
370 3307 420 3377 Ac
440 3313 571 3395 spraetis
592 3312 649 3395 qui
669 3309 791 3378 divitias
818 3332 896 3375 suro
918 3311 1005 3376 lnlvo
1026 3316 1167 3395 erigere-b

131 3440 202 3490 rent
220 3427 246 3505 l·
268 3425 319 3491 Ad
338 3429 513 3490 litterarum
547 3427 615 3490 ocio
634 3446 715 3509 qttue
743 3425 806 3488 iam
826 3427 997 3508 reliquerat
1017 3422 1109 3486 rediit
1131 3428 1155 3501 †

131 3540 286 3621 Epistulae
313 3538 483 3602 familiares
511 3534 551 3599 nd
580 3540 705 3600 Amicos
732 3538 907 3619 complures
938 3550 969 3601 et
990 3535 1153 3601 delectabi-

131 3653 177 3717 les
202 3657 224 3724 Ῑ
249 3663 352 3716 metro
379 3664 411 3714 et
438 3672 534 3735 prosa
554 3649 683 3729 dedit†
714 3650 830 3716 Libros
856 3665 960 3715 autem
982 3665 1045 3716 trcs
1068 3674 1153 3715 snia-

132 3764 212 3828 torie
239 3762 278 3828 ds
307 3784 343 3828 re
371 3783 461 3829 susm
482 3764 521 3829 sd
543 3764 655 3828 delium
677 3767 799 3847 eliginto
821 3768 845 3845 †
866 3778 967 3830 metro
989 3768 1110 3850 scripsit
1133 3769 1156 3844 i·

133 3876 184 3942 Sic
206 3880 291 3942 enim
322 3901 403 3965 quae
432 3882 558 3944 nomine
590 3900 667 3942 vcro
688 3883 807 3944 Plautio
829 3892 994 3946 vocaretur
1014 3883 1073 3944 boc
1094 3882 1154 3943 isto

134 3988 205 4051 licto
236 3994 362 4058 nomine
391 4015 427 4058 sc
455 4015 521 4059 non
546 4014 603 4060 suo
626 3997 833 4078 appellavit³s
862 3997 953 4079 plura
982 4016 1047 4058 non
1080 3999 1155 4062 ecri-

137 4166 415 4183 ‘'U-Q*-

209 4264 234 4332 ·)
255 4265 399 4338 Descripsit
415 4269 564 4335 fluetus
589 4286 622 4324 ex
647 4272 761 4325 editions
785 4272 923 4339 Regiensh
947 4278 1048 4326 servato
1073 4274 1154 4329 inter-

139 4355 283 4423 punctione.
320 4358 417 4413 Exstat
425 4375 457 4414 es
470 4361 547 4416 etlsnr
560 4361 586 4415 in
600 4361 665 4415 Cod.
681 4360 796 4415 colbert·
810 4359 1152 4418 etedit.l'enet.sn.1415.
