2468 4838
133 610 171 649 cn
549 583 608 646 DE
629 579 748 648 POESI

132 759 237 840 operis
266 755 381 839 poetici
409 754 506 833 ratio,
538 752 705 837 reputavit.
758 753 912 835 laquem
939 749 992 816 ille
1019 772 1161 819 mrorem

134 874 258 956 saepius
276 871 395 936 incidit.
437 874 558 944 Verum
576 871 638 935 hoc
657 868 768 933 obiter.
812 868 948 931 Carmen
966 869 1052 931 inter
1069 890 1163 951 prae·

134 988 322 1051 stautissima
349 999 396 1050 est
421 987 620 1049 Tibulliauae
643 986 771 1059 ulmae,
804 1004 908 1067 neque
938 985 1042 1047 solum
1069 984 1104 1048 ui
1130 1000 1162 1049 et

134 1105 243 1184 vigore
274 1105 403 1167 affectus
430 1101 626 1178 distinctum,
662 1100 716 1164 sed
744 1100 836 1163 etiam
864 1101 1014 1165 varietate
1042 1103 1164 1185 egregia

136 1218 272 1300 partium
295 1231 325 1281 et
346 1217 505 1293 locorum,
535 1214 637 1297 sitque
659 1215 716 1276 tibi
740 1215 800 1277 hoc
826 1234 945 1279 novum
966 1216 1163 1281 incruentum

137 1332 316 1412 exemplum
341 1325 518 1410 grandioris
546 1328 798 1408 compositionis,
815 1328 883 1393 ,ubi
906 1340 1012 1409 partes
1033 1341 1067 1393 et
1091 1351 1164 1414 pass

138 1449 217 1509 tium
238 1458 342 1528 partes
363 1443 408 1507 ita
428 1440 613 1519 adornatae,
637 1454 672 1504 ut
690 1453 792 1506 totum
812 1441 966 1507 exstiterit
982 1463 1041 1524 per
1056 1446 1165 1509 omnia

136 1560 279 1621 membra
299 1559 508 1640 pulcherrime
530 1569 692 1621 structum.
710 1591 753 1605 -
797 1555 930 1623 Claudat
950 1559 1030 1622 usae
1050 1559 1164 1623 seriem

138 1672 236 1757 elegia
259 1676 284 1753 1,
299 1679 329 1740 3.
352 1674 516 1753 Tibtillus,
545 1695 638 1757 quem
659 1675 790 1736 morbus
811 1674 1009 1755 corripuerat
1027 1672 1063 1736 ia
1084 1671 1164 1737 Cor·

138 1812 230 1874 cyra,
260 1802 394 1855 mortem
417 1790 529 1853 timens
552 1790 586 1852 in
608 1790 774 1872 peregrina
800 1800 883 1851 terra
909 1789 1022 1869 procul
1045 1808 1066 1849 a
1087 1806 1166 1851 con·

139 1903 330 1984 sanguineis
346 1915 377 1965 et
409 1925 427 1965 a
454 1903 565 1964 Deliae
596 1922 719 1976 amore,
752 1903 839 1965 luctu
867 1901 988 1982 ingenti
1019 1899 1164 1976 afficitur,

139 2030 232 2099 atque
256 2019 316 2081 hoc
343 2015 595 2080 fundamentum.
610 2029 657 2080 est
682 2018 861 2099 praeclarae
889 2019 1020 2099 elegiae,
1049 2017 1166 2099 insigni

140 2144 207 2194 arte
229 2130 462 2212 compositionis
489 2131 640 2213 paulatim
663 2151 682 2191 a
706 2129 815 2194 dolore
837 2128 876 2192 ad
900 2131 1011 2195 solatia
1031 2144 1063 2194 et
1083 2131 1164 2195 hila·

139 2244 264 2308 ritatem
280 2247 478 2308 transeuntis.
520 2243 605 2306 llaec
621 2242 703 2305 enim
721 2244 850 2326 propria
868 2243 936 2307 eius
953 2244 1065 2308 virtus.
1105 2245 1164 2308 Ar·

140 2377 203 2438 que
221 2355 386 2419 exordium
404 2357 509 2438 ipstmr
525 2353 750 2438 deplorabilem
767 2368 882 2420 statum
900 2370 1011 2440 postas
1026 2360 1165 2422 luctum-

141 2490 205 2552 que
225 2470 365 2534 tristibus
386 2472 490 2535 verbis
507 2474 648 2553 exponit.
688 2473 771 2535 Tum
789 2474 883 2537 latius
901 2471 1016 2539 difflua
1035 2478 1163 2559 quercla

140 2583 179 2647 ad
202 2605 309 2648 causas
331 2597 362 2647 et
383 2586 485 2651 fontes
506 2587 650 2651 miseriae
671 2586 769 2666 redit,
790 2602 826 2652 ιιι
845 2589 896 2668 fir,
919 2588 954 2651 iu
976 2609 1040 2671 quo
1063 2591 1165 2671 phan-

140 2701 218 2764 tasia
243 2714 354 2783 poetae
380 2707 485 2767 omnia
512 2707 623 2788 tangit,
655 2727 736 2790 quae
760 2707 855 2769 huius
881 2706 944 2770 loci
966 2703 1167 2783 videbantur,

74 2872 77 2880 .
141 2837 159 2878 a
189 2817 340 2898 proximis
370 2830 402 2881 at
430 2822 616 2903 specialibus
645 2822 684 2888 ad
711 2823 882 2886 remotiora
910 2833 941 2884 ct
967 2826 1165 2903 generaliora

140 2928 343 3011 progrediens
364 2952 422 3013 per
441 2933 666 3012 gradationem.
706 2936 847 2999 Primum
868 2933 953 2998 enim
974 2955 1009 2998 se
1030 2948 1164 3017 meuses,

141 3041 228 3125 quod
248 3062 313 3106 non
335 3045 501 3109 obsecutus
521 3048 631 3112 Deliae
653 3048 754 3114 amori
775 3068 833 3111 uec
854 3069 930 3113 suae
948 3049 1049 3132 ipsius
1070 3070 1164 3134 praa·

140 3156 279 3219 sessioni
297 3158 398 3222 invito
423 3161 542 3223 Amore
567 3163 696 3242 abierim
727 3159 839 3226 deindo
859 3161 974 3225 Isidem
997 3174 1125 3227 accusat
1143 3186 1165 3229 a

139 3271 232 3335 Delia
256 3272 471 3356 maximopere
498 3278 630 3353 cultam,
660 3276 750 3339 cuius
773 3275 894 3338 auxilio
914 3274 1050 3340 confisus
1073 3278 1164 3341 ineo·

139 3386 309 3449 lumitatem
338 3389 372 3448 iu
400 3387 513 3448 itinere
542 3400 739 3468 speraverat3
776 3386 913 3472 denique
941 3401 1074 3453 aetatem
1100 3391 1163 3455 sub

138 3500 213 3560 love
234 3511 431 3579 praesentem
452 3512 591 3578 accusat,
617 3522 697 3583 quae
717 3501 855 3564 habendi
876 3500 1038 3585 cupiditati
1057 3500 1163 3569 dedus

138 3611 227 3673 bellis
251 3631 376 3695 semper
395 3610 543 3695 gaudeat,
572 3614 658 3677 unde
678 3615 763 3676 mille
786 3614 895 3678 nrortis
916 3616 1001 3690 viae,
1027 3612 1162 3679 laudans

139 3739 247 3791 contra
273 3747 408 3791 aureum
433 3729 604 3790 eaecrrlum.
654 3729 759 3810 Atque
787 3729 863 3791 llaec
888 3730 990 3809 prima
1015 3739 1163 3809 pareest

136 3851 203 3905 tota
227 3838 350 3904 flebilis.
398 3841 465 3904 Iam
491 3839 563 3905 vide
589 3851 623 3901 ut
645 3840 755 3905 solatia
782 3841 1010 3925 circumspiciat
1037 3842 1162 3905 animus

137 3974 227 4033 aeger
252 3968 284 4018 et
309 3956 449 4020 fomenta
476 3960 589 4021 luctus.
636 3958 681 4022 Ac
709 3961 846 4041 primum
875 3955 915 4019 ad
940 3958 1065 4021 iulerua
1090 3960 1162 4023 loca

136 4069 278 4148 cogitatio
305 4075 433 4153 mansit,
466 4096 619 4158 quaeres
642 4078 787 4159 proxime
809 4076 977 4139 coniuncta
998 4085 1044 4135 eat
1071 4086 1161 4139 ante·

135 4181 256 4248 cedenti
278 4191 442 4268 querelosa
470 4190 584 4275 quodsi
604 4191 801 4256 moriendum
823 4204 886 4259 est,
910 4190 969 4263 ait,
991 4188 1160 4251 Venusia

133 4294 272 4376 Elysium
293 4320 342 4363 me
365 4300 473 4383 ducet,
502 4305 615 4372 rivales
638 4318 757 4382 autem,
786 4304 842 4388 qui
866 4303 1001 4383 maligna
1023 4301 1159 4365 fascina·
