2468 4838
141 619 242 662 xxtut
556 599 614 665 DE
639 598 741 663 VITA

142 779 183 839 At
202 775 271 838 iure
292 777 460 840 conferunt
479 772 578 860 Lygd.
598 776 652 854 ΙΠ,
673 781 702 853 5,
726 780 775 837 16.
797 785 827 836 et
844 771 936 839 ovid.
955 775 1023 837 Art.
1038 776 1108 836 Am.
1125 776 1163 849 ll,

144 896 225 968 6703
252 889 352 972 Lygd.
375 891 429 970 ΙΙΙ,
451 895 481 967 5,
503 895 552 952 ts.
574 900 605 952 el
626 885 719 953 Ovid.
740 889 836 951 Trisl.
858 888 913 963 lV,
936 893 985 964 10,
1007 891 1045 966 6;
1075 884 1165 947 (letti-

143 1025 205 1087 que
234 1003 606 1086 Lygd.tlt,5,1s.so.
635 1015 666 1067 et
696 999 788 1068 ovid.
817 1003 943 1066 Amorr.
972 1004 1012 1081 11,
1036 1005 1086 1082 14,
1110 1006 1164 1063 23.

142 1115 232 1180 Adde
249 1117 349 1199 Lygd.
363 1119 416 1197 111,
434 1124 463 1196 6,
479 1119 531 1179 40.
547 1129 578 1179 et
592 1113 684 1181 ovid„
701 1116 769 1178 Art.
777 1115 847 1179 Am.
862 1116 916 1194 111,
932 1120 983 1178 36.
1007 1113 1071 1178 Sed
1087 1111 1166 1199 quid

141 1234 202 1297 boc
224 1230 264 1296 ed
284 1228 376 1294 rem?
426 1231 641 1295 Nihilominus
662 1244 779 1294 certum
801 1229 996 1312 Lygdamum
1018 1230 1058 1291 ab
1088 1224 1166 1291 Ovi-

143 1345 196 1411 tto
217 1369 284 1411 non
304 1368 363 1431 pro
385 1347 513 1412 risun·
540 1323 706 1426 nastrum:
729 1348 785 1430 qu
804 1348 932 1411 nisano
954 1366 987 1408 aa
1008 1344 1168 1408 tumorem

143 1459 275 1540 dixerit,
302 1463 387 1524 hunc
408 1474 513 1525 antem
534 1475 659 1544 poetam
683 1460 793 1525 eodem
820 1482 925 1525 secum
944 1465 1029 1524 inno
1056 1471 1167 1524 natum

141 1576 267 1656 legeret,
284 1577 403 1660 quique
424 1598 489 1640 non
511 1591 656 1658 agnoscat
673 1578 838 1657 Neaeram,
858 1589 894 1640 ut
916 1575 1057 1675 alioquin
1075 1577 1168 1639 lecis-

143 1701 202 1750 set.
242 1689 326 1753 Nam
353 1691 468 1775 quibus
497 1688 586 1755 editis
607 1692 696 1755 libris
719 1712 841 1754 amores
867 1691 992 1755 Tibulli
1013 1690 1169 1754 contineri

145 1805 271 1882 sciebat,
291 1825 401 1869 eorum
420 1809 466 1870 ita
487 1808 578 1891 sequi
598 1806 731 1871 debebat
751 1806 975 1884 auctoritatem,
996 1817 1032 1869 nt
1046 1806 1168 1886 puellas

143 1913 234 1979 iniis
257 1939 275 1979 a
295 1931 388 2000 poeta
408 1916 548 1984 laudatas
567 1921 603 1984 in
625 1920 774 2003 Epicedio
800 1921 986 1985 nominaret.
1028 1920 1168 2003 Expres-

144 2030 185 2091 sit
206 2028 298 2093 credo
326 2033 481 2094 nonnulla
510 2053 551 2096 ex
571 2034 654 2097 libro
677 2035 770 2099 tertio
799 2055 864 2097 nou
893 2033 980 2117 quod
1006 2054 1079 2097 eum
1107 2055 1168 2115 pro

144 2145 327 2211 Tibulliano
348 2149 496 2227 haberet,
528 2148 583 2213 sed
611 2171 682 2213 cum
706 2171 772 2213 nou
794 2147 1006 2232 spernendum
1031 2147 1171 2223 duceret,

145 2262 202 2344 qui
232 2264 267 2325 in
298 2265 480 2328 collectione
507 2265 761 2328 Tibulliauornm
789 2285 922 2346 opernm
950 2262 1051 2326 editus
1080 2276 1170 2326 esset.

145 2377 317 2441 Veniamus
338 2378 379 2442 ad
400 2381 470 2443 alia.
512 2379 654 2442 Neaerae
675 2400 791 2442 nomeu
812 2377 933 2441 dedisse
954 2389 1061 2460 poetes
1080 2376 1170 2439 Lati·

145 2513 204 2555 uos
223 2495 353 2556 omnino
374 2497 483 2559 amatis
504 2496 617 2577 puellis
639 2495 799 2576 Spohnius
822 2492 949 2570 notavit,
970 2513 1073 2575 neque
1097 2491 1170 2553 ubi·

147 2629 208 2690 quo
223 2609 357 2672 levitatis
373 2622 403 2672 et
423 2607 572 2692 perfidiae
587 2610 769 2690 significatio
790 2610 881 2687 inest,
902 2608 960 2671 etsi
973 2609 1050 2670 baec
1065 2608 1170 2691 puella

146 2719 240 2787 fidem
263 2720 397 2787 deserat.
442 2725 528 2789 Nata
551 2726 610 2788 fuit
632 2726 667 2787 in
688 2728 787 2801 culta,
815 2725 970 2804 locuplete
992 2734 1023 2785 et
1046 2724 1169 2785 liberali

148 2834 257 2911 domo,
293 2857 358 2900 non
379 2838 492 2901 humili
512 2839 601 2914 loco,
633 2837 689 2900 setl
708 2838 847 2901 honestis
871 2849 903 2899 et
922 2837 1090 2899 iorttmatie
1114 2859 1175 2918 po·t

145 2950 304 3026 rentibus,
328 2961 363 3011 ut
383 2961 509 3031 praeter
528 2951 686 3034 Heynium
707 2951 858 3031 Vossius,
877 2949 1038 3033 Spohnius
1059 2964 1090 3013 et
1110 2971 1172 3013 nu-

147 3086 204 3145 per
228 3061 357 3130 Oebcke
376 3066 411 3127 in
434 3067 542 3131 libello
567 3088 644 3130 mox
664 3065 859 3132 nominando
882 3068 962 3130 bene
984 3064 1171 3129 docuerunt.

148 3182 192 3242 Ac
219 3194 313 3264 poeta
341 3203 410 3246 eam
437 3183 472 3245 in
499 3186 733 3248 matrimonium
765 3184 878 3248 ducere
908 3185 1051 3261 volebat,
1085 3182 1172 3245 uncle

148 3297 311 3377 cottiugem
329 3299 476 3380 appellat.
518 3295 623 3374 Quare
644 3299 679 3361 in
700 3298 839 3360 maximo
861 3318 967 3361 errore
987 3299 1173 3363 versabatur

149 3410 325 3493 spoletino,
354 3411 410 3494 qui
430 3412 555 3473 Deliam
576 3424 608 3474 et
629 3411 784 3476 Neaeram
807 3412 937 3492 putabat
962 3409 1111 3489 eandem,
1140 3423 1173 3474 et

147 3527 286 3606 primum
313 3525 504 3609 tertiumque
531 3526 648 3589 librum
680 3526 724 3589 eie
754 3527 978 3608 coniungebat,
1008 3539 1043 3589 ut
1073 3547 1172 3591 unmn

97 3660 100 3665 ’
148 3641 223 3704 iude
244 3642 406 3705 historiam
430 3655 647 3725 componeret;
681 3640 788 3708 Ovidii
810 3641 938 3726 quidem
958 3642 1172 3706 testimonium

152 3757 191 3821 de
212 3755 334 3822 duabus
354 3757 468 3838 puellis
488 3757 608 3821 Tibulli
634 3759 740 3819 favere
767 3756 907 3834 videtur,
934 3754 990 3818 sed
1011 3757 1172 3820 verissime

151 3873 326 3954 explicante
351 3871 502 3936 Passosio
527 3872 562 3935 in
592 3869 732 3936 Censura
757 3872 883 3937 laudata
911 3883 943 3934 et
966 3873 1001 3934 in
1025 3871 1176 3936 Sesbodii

152 3991 276 4053 Horreo
303 3989 397 4053 Delia
424 4000 456 4052 et
480 3986 605 4052 Neaera
633 3989 800 4053 manifesto
829 3986 970 4052 diversae
1000 4001 1089 4066 sunt,
1115 4011 1174 4053 nec

155 4103 264 4167 eodem
286 4105 356 4168 loco
379 4120 479 4184 natae,
500 4109 598 4171 altera
616 4125 709 4182 uxor,
729 4108 827 4168 ultera
848 4124 909 4186 pro
930 4125 1031 4167 uxore
1054 4105 1175 4183 sutura,

118 4238 124 4243 ·
154 4222 180 4281 si
201 4218 262 4283 sula
286 4221 461 4300 ntansisset,
494 4245 551 4287 noc
572 4221 708 4305 deniquo
730 4243 845 4286 nomen
873 4222 1015 4284 Neaerae
1041 4220 1175 4288 eandem

154 4335 248 4398 habet
277 4336 467 4417 syllabarum
490 4338 658 4413 rabonem,
691 4356 786 4419 quam
813 4335 922 4399 Deliae
952 4348 1005 4398 attt
1034 4335 1174 4402 Planiae.
