2468 4838
96 643 129 683 VI

97 820 169 863 mam
182 798 351 880 elegiarum
365 817 438 864 vere
452 799 573 884 poetica
590 797 737 866 dubitari.
781 800 1030 887 Explicationcm
1045 830 1121 872 vero

99 940 185 1025 quod
206 941 333 1020 attinet,
356 943 449 1004 talem
471 939 547 1004 dare
564 942 668 1020 volui,
688 943 744 1006 ubi
763 941 883 1009 adesset
903 945 989 1029 quod
1014 947 1052 1010 ad
1074 949 1124 1009 in-

98 1083 301 1168 telligendum
322 1097 449 1169 poetam
470 1106 528 1169 per
549 1107 582 1150 se
601 1089 809 1152 necessatium
824 1086 1002 1168 videretur3
1024 1110 1121 1173 qaaere

97 1227 140 1291 ita
169 1225 321 1292 adornavi
352 1224 607 1304 commentarios,
636 1238 673 1289 ut
701 1237 733 1289 et
756 1227 893 1311 partium
923 1249 959 1293 ac
979 1230 1122 1293 locorum

99 1368 255 1430 maiomam
277 1364 535 1448 compositionem
558 1383 740 1450 nexumque
770 1368 975 1450 explicarem,
1001 1381 1032 1434 et
1059 1371 1124 1434 sin·

102 1510 248 1590 gulosum
273 1509 460 1587 verboram,
486 1506 697 1587 locutionum,
717 1510 941 1575 sententiatum
962 1513 1125 1591 rationem,

100 1672 176 1716 usus
208 1663 345 1716 ceterum
367 1648 640 1717 observationibus
667 1654 810 1736 priorum
833 1656 1040 1740 interpretum
1068 1659 1125 1721 ubi

100 1806 259 1876 poteram,
281 1793 446 1858 ethorum
473 1794 601 1858 nomina
622 1793 736 1874 citans,
763 1798 819 1860 ubi
840 1798 992 1862 offerrent
1010 1799 1125 1883 quibm

102 1958 192 2021 opus.
232 1938 312 2002 Dixi
332 1958 408 2002 sero
429 1940 548 2024 ubique
580 1951 634 2005 aut
661 1938 764 2004 dicere
792 1942 880 2006 volui
911 1963 993 2025 quae
1018 1964 1124 2009 necea·

103 2082 203 2164 saria3
225 2104 490 2167 supervacaneam
515 2082 688 2149 doctrinam
710 2085 811 2148 omisi.
861 2086 965 2169 Atque
986 2087 1062 2150 haee
1087 2085 1126 2149 de

101 2226 327 2310 Explicatione.
373 2226 437 2291 Sed
455 2248 525 2293 cum
542 2229 593 2293 sel
614 2228 658 2292 aie
674 2227 766 2291 ctiam
782 2223 921 2309 diligenti
936 2225 1040 2291 studio
1053 2248 1125 2310 per·

106 2369 204 2432 multa
233 2389 298 2433 non
327 2369 418 2433 liceat
448 2369 586 2454 assequi,
618 2369 679 2431 nisi
706 2369 799 2431 simul
828 2369 1008 2433 universam
1028 2382 1126 2433 artem

105 2512 265 2594 scriptoris
286 2509 423 2593 penitius
452 2514 612 2594 explores,
644 2509 907 2596 quemadmodum
938 2513 971 2574 in
998 2512 1127 2576 Pindari

103 2648 239 2713 editione
267 2670 337 2712 mea
366 2647 609 2733 disputationem
640 2648 679 2713 de
711 2652 832 2714 ratione
853 2653 974 2733 poetica
993 2656 1125 2719 istorum

103 2793 277 2859 cuminum
298 2793 408 2876 posui,
429 2791 571 2855 similiter
592 2812 675 2857 nunc
689 2791 887 2856 Tibulliunae
909 2810 1040 2874 poeseos
1062 2794 1126 2856 vim

105 2950 135 3003 et
159 2951 257 3002 amem
277 2936 450 3002 accuratius
472 2936 651 3001 examinavi
675 2947 707 2999 et
726 2934 884 3019 explicare
904 2933 1021 2998 studui.
1062 2935 1126 2998 lla·

104 3081 158 3141 bct
177 3090 240 3140 tres
260 3086 365 3162 partes
385 3078 462 3142 haec
475 3074 667 3161 disquisitio:
688 3072 755 3141 dixi
777 3077 860 3141 enim
884 3074 923 3140 ds
946 3089 1126 3156 argumento

107 3244 240 3308 poeseos
266 3221 482 3302 Tibullianae,
511 3218 678 3286 deforma
708 3233 739 3283 et
763 3219 986 3302 compositione
1015 3222 1127 3284 harum

78 3371 289 3452 elegiarum,
317 3381 349 3432 et
377 3367 416 3433 de
445 3369 621 3435 elocutione
643 3366 773 3429 Tibulli.
823 3364 1033 3428 Proficiscitur
1057 3367 1127 3447 qui·

106 3513 177 3579 dem
208 3511 347 3577 studium
372 3514 560 3598 scriptorum
584 3535 602 3575 a
624 3512 754 3593 singulis
785 3511 862 3573 locis
884 3521 914 3571 et
933 3511 1044 3586 rebus,
1075 3507 1129 3570 sed

105 3676 172 3721 non
194 3656 361 3721 subsistere
393 3655 485 3722 debet
510 3659 544 3722 in
566 3659 619 3735 iis,
645 3654 837 3741 pergendum
866 3663 913 3716 eat
938 3653 1030 3715 etism
1060 3652 1129 3714 lon·

104 3802 172 3882 ςῐιιο
193 3800 234 3864 ad
255 3818 453 3865 communem
472 3799 590 3861 sontem
607 3797 800 3878 singulorum
820 3793 974 3858 dictorum
990 3790 1130 3852 omnium

106 3940 354 4024 explorandum,
387 3942 444 4025 qui
476 3951 523 4002 est
547 3941 580 4003 in
606 3937 713 4002 indole
735 3951 766 4000 et
786 3949 851 4000 arte
874 3933 1034 4016 scriptoris
1053 3951 1129 4014 pro·

104 4082 192 4163 pria,
213 4084 240 4145 si
260 4086 384 4166 penitus
407 4103 591 4167 cognoscere
622 4105 694 4148 eum
723 4080 838 4148 suades.
891 4079 972 4142 Sunt
1001 4075 1126 4160 quidem

105 4224 245 4292 difficiles
267 4231 327 4292 hae
351 4230 565 4314 quaestiones,
584 4243 621 4291 ut
640 4228 774 4309 gaudeas
796 4227 822 4289 si
842 4242 942 4307 prope
970 4230 1023 4283 aut
1051 4236 1126 4297 pro-

105 4368 189 4431 xime
209 4370 345 4450 attigeris
367 4374 547 4453 veritatem,
576 4369 630 4434 sed
653 4373 709 4456 qui
738 4373 830 4454 plane
858 4363 1020 4444 defugiunt
1041 4362 1125 4422 hamc
