2468 4838
166 636 276 677 nxxxu
572 613 632 675 DE
656 610 777 679 P-OESl

166 790 266 870 ipsam
296 783 346 846 dei
376 786 486 847 laetam
515 780 653 845 indolem
682 784 841 847 illustrans
870 785 1025 866 fastigium
1055 786 1191 870 imponit

167 904 236 964 toti.
277 899 425 962 Diximus
448 895 486 959 de
508 896 700 976 gradationis
721 899 840 962 forulis.

232 1017 373 1099 Qrtortum
399 1034 495 1093 genus
518 1013 751 1093 compositionis
772 1013 867 1075 orbem
885 1034 938 1095 per
960 1018 1190 1097 interpositionem

167 1133 283 1210 dicam,
312 1132 369 1193 ubi
387 1129 458 1192 finis
481 1128 520 1190 ad
538 1130 729 1211 principium
746 1128 845 1208 redit,
867 1127 963 1213 idque
985 1131 1189 1193 continuatur

167 1259 196 1309 et
219 1245 393 1308 absolvitur.
413 1243 563 1323 graviter,
592 1244 627 1304 in
652 1242 757 1305 medio
783 1243 893 1325 positis
922 1244 990 1306 aliis
1015 1257 1046 1306 et
1071 1243 1147 1326 ipsis
1169 1267 1188 1306 a

168 1359 297 1421 consilio
325 1355 387 1419 loci
415 1356 543 1418 minime
571 1356 691 1417 alienis.
744 1354 796 1417 Sic
823 1357 984 1438 praeclara
1013 1359 1186 1420 exsecratio

165 1476 254 1536 lanae
272 1474 296 1551 l,
312 1477 342 1548 5,
358 1474 484 1533 49-56.
506 1468 659 1533 adornata
678 1481 740 1547 est,
764 1472 822 1532 ubi
841 1484 936 1553 poeta
956 1492 1046 1534 orsus
1068 1474 1107 1535 ab
1126 1473 1187 1535 im·

165 1590 347 1670 precatione
363 1587 462 1662 launa,
485 1584 597 1649 deinde
611 1586 721 1667 positis
739 1586 806 1647 aliis
821 1587 1005 1667 terroribus,
1025 1600 1185 1670 postremo

166 1723 249 1765 nora
271 1723 341 1764 cnm
361 1703 395 1764 vi
419 1698 458 1762 ad
481 1701 571 1763 lamis
595 1701 851 1782 imprecationem
871 1700 954 1764 redit
974 1723 1107 1786 eamque
1130 1705 1185 1765 ab·

164 1819 269 1884 solvit.
310 1821 501 1899 Interpretes
521 1819 613 1880 latuit
633 1837 701 1897 res,
723 1830 769 1880 est
785 1838 862 1881 vero
881 1819 982 1899 gravis
1001 1831 1033 1882 et
1052 1838 1184 1882 nervosa

94 1957 101 1969 ·
164 1938 277 1996 forma.
319 1931 469 1994 Similiter
492 1932 681 2011 compositus
702 1933 790 1993 locus
806 1931 831 2009 I,
848 1937 877 2010 1,
891 1936 1015 1993 61-68.
1037 1928 1077 1993 de
1096 1932 1184 1995 luctu

164 2050 196 2110 in
219 2051 331 2111 funere
352 2047 472 2111 Tibulli
501 2048 629 2110 futuro:
659 2068 749 2110 orsus
771 2069 789 2108 a
810 2047 920 2110 Deliae
944 2048 1019 2110 iletu
1041 2046 1123 2110 redit
1145 2045 1183 2111 ad

163 2167 324 2246 planctum
349 2165 489 2246 puellae,
517 2165 552 2225 in
573 2159 677 2226 medio
700 2161 831 2227 disticho
854 2165 984 2226 aliarum
1007 2165 1183 2246 puellarum

163 2290 194 2341 et
206 2280 367 2363 iuvenum
386 2277 521 2339 lacrimis
545 2276 732 2338 memoratis

227 2394 329 2477 Quarto
350 2390 487 2474 deniqne
508 2391 578 2453 loco
600 2387 678 2451 illud
701 2387 935 2469 compositionis
955 2406 1054 2468 genna
1076 2386 1181 2468 lando,

162 2505 219 2566 ubi
243 2527 315 2588 pars
341 2509 423 2587 parti
449 2504 574 2564 audiena
602 2515 643 2565 est
670 2505 765 2586 aliptae
789 2504 873 2563 modo
900 2522 958 2566 nec
985 2498 1181 2567 solummodo

159 2633 294 2705 propter
320 2642 353 2684 se
381 2620 481 2702 ipsam
507 2616 611 2698 adest,
641 2615 695 2680 sed
717 2617 807 2679 alteri
828 2614 1080 2698 praeparandae,
1107 2617 1182 2680 illn-

160 2732 321 2811 strandae,
342 2730 529 2810 firmandae,
550 2728 733 2815 probandae
750 2732 881 2795 inservit
900 2725 1034 2817 (Formas
1051 2733 1105 2795 der
1120 2735 1180 2797 At·

161 2850 332 2927 tornatur,
362 2851 548 2924 Motieirung,
578 2849 776 2925 Vorbsrcittmg
796 2853 869 2908 eines
890 2849 994 2909 Titcries
1012 2849 1106 2910 durch
1126 2850 1180 2911 den

160 2959 300 3042 andam).
352 2960 510 3042 Exquisiti
538 2960 611 3020 hinc
640 2961 787 3022 oriuntur
815 2958 919 3038 modi,
959 2962 1075 3044 quibus
1104 2963 1179 3025 alias

160 3073 358 3137 describendi
388 3096 437 3137 ars
469 3075 588 3156 egregie
616 3075 734 3155 utitur3
777 3074 861 3158 apud
889 3077 1051 3140 Tibullum
1081 3100 1181 3143 unum

160 3204 261 3254 exstat
281 3192 381 3254 maius
403 3193 495 3253 huius
514 3190 746 3272 compositionis
765 3192 960 3272 exemplum,
985 3203 1089 3255 cetera
1105 3193 1180 3256 sim·

157 3307 252 3388 plicia
273 3317 347 3368 sunt
368 3317 399 3366 et
419 3326 528 3385 panca.
573 3303 662 3365 Talia
682 3305 780 3365 habes
801 3304 835 3367 in
858 3305 994 3368 ommino
1015 3307 1040 3382 l,
1059 3311 1090 3367 3.
1131 3307 1181 3369 lbi

157 3424 271 3501 legitur
297 3421 395 3502 Elysii
424 3433 454 3481 et
477 3419 601 3481 Tartari
630 3416 812 3502 descriptio,
845 3431 979 3504 utraque
1008 3423 1180 3504 composita

158 3540 221 3616 sic,
262 3549 297 3599 nt
326 3539 415 3618 prior
444 3555 517 3617 pars
550 3547 680 3616 propter
711 3537 918 3616 posteriorem
948 3536 1037 3601 adsit.
1096 3538 1180 3603 Nam

157 3652 257 3737 Elysii
282 3651 420 3734 primum
449 3649 637 3711 describitur
665 3669 797 3712 amoena
822 3651 958 3713 suauitas
981 3652 1076 3732 plane
1099 3653 1181 3716 fact'a

157 3767 196 3833 ad
217 3771 377 3830 molliores
399 3766 528 3828 affectus
551 3764 696 3846 alendos,
723 3778 758 3828 ut
778 3762 889 3827 deinde
910 3767 1052 3848 ipsorum
1072 3786 1180 3828 aaran·

155 3884 235 3944 tium
256 3882 340 3943 beati
363 3882 451 3942 lusus
472 3880 504 3941 in
527 3878 596 3951 hoc,
611 3881 677 3942 solo
700 3880 828 3941 exerciti
848 3900 949 3962 qnam
961 3877 1181 3944 iucundissimi

156 3994 331 4058 videantur.
381 3993 531 4055 Similiter
559 3993 592 4053 in
616 3994 739 4054 Tartari
764 3989 981 4077 descriptione
999 3996 1086 4079 quod
1114 3999 1180 4080 pri·

157 4128 243 4170 mum
273 4108 400 4171 omnino
430 4108 554 4170 tristitia
582 4106 644 4169 loci
673 4104 868 4188 depingitur,
903 4109 1019 4174 iactum
1046 4124 1181 4193 propter

157 4218 374 4281 damnatorum
400 4221 675 4284 celeberrimorum
699 4244 818 4305 poenas
845 4221 958 4287 deinde
981 4239 1179 4307 memoratas,

157 4355 234 4417 quas
257 4335 347 4395 etiam
367 4334 516 4399 rivalibus
536 4335 696 4419 obtingere
715 4341 792 4405 ¹vult.
835 4341 907 4424 Ipsa
924 4324 979 4405 res*
992 4343 1043 4405 lic
1063 4344 1180 4406 obtulit
