2468 4838
537 582 721 650 TlBULLI.
1085 616 1139 657 arx

105 765 169 815 tum
198 750 342 834 quidem
370 752 466 817 huius
493 757 569 820 loci.
615 758 675 825 llic
694 761 841 827 Nm
867 766 1002 831 amabat.
1040 769 1138 832 Vole-

105 866 157 928 bat
176 877 293 928 autem
314 866 350 929 in
370 868 605 933 naaimonium
634 892 704 937 eam
731 872 862 959 ducere,
893 879 978 943 unde
999 904 1052 947 vr.
1072 905 1139 945 corr·

107 986 190 1059 m,
212 987 397 1061 tamaius,
414 1006 516 1064 germ,
538 991 596 1064 cir,
623 986 659 1049 iu
679 990 740 1052 hoc
760 993 843 1054 libro
863 994 1027 1076 leguntur,
1055 1017 1137 1080 quae

108 1097 210 1161 aliam
243 1099 287 1159 ab
321 1101 484 1165 amoribus
515 1103 634 1166 Tibulli
669 1124 768 1187 supra
802 1106 973 1190 descriptis.
1031 1111 1136 1195 Atque

109 1209 197 1271 omni
225 1209 324 1273 laude
352 1213 456 1275 maior
483 1213 606 1278 castitas
633 1235 783 1282 sensuams
805 1233 869 1299 est,
900 1242 963 1305 qua
983 1222 1135 1306 Lygdami

111 1322 250 1385 carmina
270 1325 317 1387 ita
338 1322 483 1391 distincta
503 1338 594 1405 sunt,
623 1339 660 1390 ut
679 1331 760 1393 nihil
780 1331 881 1397 simile
903 1337 1082 1417 reperiamr
1101 1336 1135 1399 iu

110 1440 202 1520 poesi
221 1438 378 1503 Romana.
426 1428 605 1507 Similitudo
626 1465 703 1508 vero
725 1460 833 1528 aperta
854 1449 932 1514 baec
952 1462 1017 1535 est,
1046 1450 1135 1534 quod

111 1552 325 1624 cumNeaera
339 1555 436 1618 alium
450 1556 596 1621 iuvenem
610 1561 801 1642 praeferret,
823 1563 916 1631 etiam
929 1564 982 1628 bic
995 1548 1035 1627 ut
1047 1563 1134 1647 apud

110 1668 275 1733 Tibullum
294 1666 492 1752 querimonia
507 1686 625 1754 regnat,
647 1674 709 1737 nisi
728 1675 815 1758 quod
836 1689 942 1740 maren
962 1690 1049 1741 sata
1070 1666 1151 1741 ele-³

109 1782 162 1865 gia
183 1782 417 1867 quodammodo
432 1784 609 1868 discrepare
624 1785 759 1853 videtur.
799 1787 883 1852 Nam
902 1791 1041 1872 postulat
1062 1791 1133 1871 qui-

110 1898 300 1963 demetiam
319 1899 466 1963 Tibullus
487 1902 513 1979 l,
533 1908 564 1979 2,
584 1901 652 1965 init.
681 1903 792 1967 viuum
820 1903 855 1964 in
882 1905 987 1986 primo
1012 1902 1142 2017 dolorm}

108 2028 146 2078 ut
166 2014 334 2096 consopist
357 2013 571 2081 intolerabiles
598 2039 765 2081 assumas
790 2020 924 2096 amoris,
954 2017 1010 2080 sed
1029 2018 1145 2082 statim·

108 2139 281 2208 resurgunt
308 2139 341 2190 et
366 2148 427 2210 per
447 2140 549 2192 totum
570 2150 697 2192 carmen
718 2142 902 2194 tractantur.
952 2131 1132 2213 Lygdamus

108 2262 188 2305 vero
215 2242 251 2307 id
278 2243 341 2323 agit
368 2254 540 2306 memorato
568 2244 604 2306 in
633 2246 788 2323 carmine,
815 2258 853 2309 ut
879 2246 922 2309 ad
947 2258 1132 2330 perpetuam

109 2357 304 2423 oblivionem
328 2380 565 2437 aerumnarum,
588 2379 671 2442 qarae
689 2360 794 2441 ipsum
816 2372 888 2424 ante
909 2364 991 2423 male
1012 2360 1133 2423 habue-

107 2485 193 2549 ruut,
213 2492 248 2533 se
269 2472 383 2534 excitet
401 2473 478 2535 vino
500 2484 531 2533 et
551 2471 704 2536 valedicat
718 2474 870 2553 Neaerae,
891 2477 986 2558 quale
1005 2494 1144 2538 carmen·

107 2586 195 2669 apud
222 2586 384 2649 Tibullum
411 2607 478 2650 non
508 2599 624 2666 exstat,
658 2608 716 2650 nec
744 2588 870 2652 videtur
898 2592 937 2651 ab
968 2610 1006 2653 eo
1036 2589 1132 2651 scribi

106 2688 259 2784 potuisse.
299 2699 382 2764 Cum
402 2703 454 2765 hic
475 2703 601 2765 Deliam
621 2703 832 2785 relinqueret,
862 2702 971 2765 tacitus
993 2701 1131 2765 discessit

107 2840 181 2880 cum
202 2815 323 2881 dolore.
373 2816 423 2881 Ad
449 2819 509 2880 alia
535 2830 571 2880 ut
596 2818 739 2898 veniam,
767 2816 921 2880 desiderat
942 2819 1074 2881 Vossius
1096 2817 1131 2879 in

106 2930 272 3013 Lygdamo
293 2930 427 2994 bartivos
448 2929 552 3007 dolos,
579 2950 659 3012 quos
679 2929 715 2991 in
736 2931 854 2993 Tibulli
875 2934 997 3015 aliquot
1017 2931 1129 2993 carusi-

106 3046 202 3108 nibus
224 3044 346 3125 egregie
368 3042 539 3126 descriptos
562 3043 720 3123 videmus3
742 3046 797 3107 sed
817 3048 852 3107 bi
873 3067 930 3109 nec
950 3068 1010 3127 per
1028 3059 1130 3107 totum

106 3160 273 3223 Tibullum
293 3160 452 3221 habentur
471 3171 501 3220 et
518 3158 558 3218 ab
572 3157 635 3218 boc
650 3156 781 3219 castiore
796 3176 903 3218 amore
920 3157 1014 3217 alieni
1030 3168 1128 3231 ermst,

106 3273 230 3336 etiamsi
250 3274 402 3357 potuisset
421 3272 495 3335 talia
512 3270 693 3354 Lygdamus
715 3268 889 3333 describere
911 3272 1005 3331 bene.
1046 3267 1130 3331 lllud

106 3401 212 3450 autem
233 3387 404 3449 moussiae
425 3398 525 3465 urget,
547 3384 635 3468 qarod
655 3386 738 3449 vitae
758 3387 891 3447 rusticae
913 3386 1038 3446 nullum
1060 3395 1128 3446 stu·

106 3500 196 3564 dium
215 3499 463 3583 deprehenditur
482 3501 518 3561 in
538 3502 587 3564 his
608 3500 809 3564 carminibus.
850 3497 944 3575 Quod
960 3499 1044 3562 enim
1062 3499 1129 3561 aliis

105 3618 207 3681 levius
228 3617 291 3679 boc
311 3616 479 3679 discrimen
498 3618 604 3680 visum
626 3630 680 3697 est,
701 3629 738 3679 ut
757 3616 884 3694 Baebio,
905 3618 940 3678 in
956 3636 994 3677 co
1012 3615 1129 3676 fallun-

106 3744 161 3792 tur
188 3729 329 3811 egregiec
372 3729 655 3796 demonstravimus
682 3752 778 3810 supra
808 3749 903 3811 quam
936 3738 1019 3787 arcte
1046 3724 1128 3784 vitae

106 3844 242 3905 rusticae
274 3842 415 3907 studium
453 3864 524 3906 cum
561 3844 676 3906 amoris
704 3840 876 3904 Tibulliani
904 3857 981 3901 vcra
1007 3834 1129 3896 rationo

107 3957 312 4020 coniunctum
341 3957 454 4033 luerit,
484 3968 515 4019 et
540 3958 636 4038 plana
666 3955 794 4032 cogitari
824 3951 937 4033 nequit
967 3949 1080 4029 scripta
1109 3969 1129 4009 a

106 4074 233 4136 Tibullo
262 4092 322 4134 sex
350 4072 488 4134 carmina
517 4072 556 4135 de
586 4068 746 4133 amoribus
774 4066 856 4144 saris,
888 4065 920 4126 in
951 4063 1065 4146 quibus
1086 4082 1127 4122 ae

107 4188 238 4250 verbum
260 4184 392 4268 quidem
413 4189 496 4250 ruris
517 4199 711 4266 occureret,
742 4205 813 4245 uam
836 4193 870 4243 ut
893 4179 1073 4243 adolescens
1095 4178 1127 4237 in

108 4302 207 4380 primo
237 4299 379 4364 carmine
407 4296 446 4381 (l,
477 4299 540 4383 10.)
569 4322 644 4363 rura
673 4300 823 4370 celebrat,
853 4298 896 4358 ita
926 4295 1006 4355 circa
1036 4290 1128 4351 busur
