2468 4838
94 631 158 672 xnu
501 612 558 674 DE
584 607 702 675 POESI

94 788 172 847 dicto
193 792 300 858 omnim·
321 789 394 849 lianc
415 800 487 871 puta
506 792 712 869 praestantiam
729 807 869 849 summam
891 792 979 863 ruris,
1002 790 1112 870 qualem

34 904 41 917 ⁴
92 901 195 960 laudat
217 901 356 962 Tibullus!
580 981 583 986 1

180 1017 283 1079 Venio
309 1015 349 1078 ad
376 1036 486 1078 amores
513 1026 624 1098 poetae
647 1022 679 1077 et
700 1021 833 1078 eroticom
854 1027 976 1099 partem
997 1034 1113 1077 rerum.

94 1131 174 1195 Cum
204 1133 347 1194 Tibullus
378 1133 526 1194 rusticam
554 1132 650 1196 vitam
681 1143 844 1213 tantopere
871 1130 996 1209 laudet,
1025 1129 1113 1195 vites

91 1247 229 1327 primum
250 1247 343 1307 etiam
365 1264 486 1307 amores
512 1245 678 1324 agrestium
699 1265 764 1306 non
785 1246 925 1325 potuisse
946 1245 1045 1306 taceri
1064 1247 1113 1307 in·

92 1377 140 1425 ter
162 1368 218 1427 has
240 1363 358 1426 laudes.
407 1363 554 1425 Profecto
582 1383 689 1424 omnes
710 1360 933 1442 descriptiones
954 1363 1039 1425 ruris
1062 1383 1113 1425 or·

93 1479 179 1541 navit
200 1477 382 1541 huiusmodi
399 1478 485 1554 locis,
505 1477 613 1539 confer
633 1475 728 1539 modo
750 1478 775 1554 Ι,
797 1483 848 1554 10,
870 1482 911 1539 53
934 1498 1004 1560 sqq.
1025 1477 1112 1555 11,1,

93 1599 132 1656 67
156 1614 224 1677 sqq.
247 1602 275 1670 5,
294 1600 334 1656 3⁵
357 1615 426 1677 sqq.
449 1600 479 1670 5,
499 1597 558 1654 101
579 1612 648 1675 sqq.
690 1592 773 1655 Nam
797 1613 871 1654 rme
894 1604 988 1654 natus
1005 1592 1114 1665 Amor,

92 1728 166 1770 rure
199 1707 281 1788 degit
319 1711 491 1769 etiamnum
520 1707 649 1783 lubens,
688 1707 789 1786 placet
822 1706 883 1768 sibi
916 1708 952 1769 in
987 1706 1113 1769 rusticis

92 1824 251 1901 moribus,
280 1823 421 1904 loquitur
447 1820 563 1883 mastica
591 1820 690 1882 verba
717 1820 867 1897 aratoris,
893 1819 1028 1882 interest
1047 1821 1113 1881 lae·
1157 1812 1162 1829 ”

89 1947 141 1997 tus
171 1947 201 1997 et
224 1936 368 2015 petulans
393 1933 480 1995 festis
509 1945 541 1995 et
566 1932 779 2014 voluptatibus
806 1935 989 2011 agsestibus.
1040 1932 1112 2015 lpse

90 2068 168 2113 vero
188 2048 333 2111 Tibullus
352 2049 489 2130 primum
510 2067 645 2109 uxorem
662 2045 775 2109 ducere
794 2058 824 2107 et
844 2045 878 2105 in
900 2046 983 2125 agnis
1002 2046 1112 2108 vivere

36 2184 41 2195 ·
90 2184 162 2225 eum
183 2185 220 2225 ea
240 2164 383 2242 volebat,
411 2160 499 2245 qnod
523 2182 589 2224 non
618 2162 817 2225 observatum
848 2180 866 2220 a
895 2159 973 2224 viris
1002 2156 1113 2223 doctis.

19 2256 29 2277 ⁸
88 2277 136 2338 lta
157 2297 233 2340 vero
254 2276 329 2339 dicit
348 2277 372 2353 Ι,
395 2280 445 2354 10,
467 2281 507 2336 39
530 2295 613 2358 sqq.:

174 2386 276 2465 Quam
298 2389 403 2469 potius
424 2387 599 2451 laudandus
621 2386 672 2449 hio
694 2399 749 2466 est,
771 2408 866 2471 quem
887 2390 979 2470 prole
1000 2402 1113 2473 parata

219 2500 359 2583 Occupat
379 2503 411 2562 in
433 2523 531 2583 parva
550 2504 640 2584 pigra
659 2514 782 2565 senecta
804 2499 891 2565 casa!

173 2619 244 2701 lpse
267 2629 496 2679 suas·sectatur
517 2637 604 2694 oves,
626 2631 657 2680 at
677 2618 760 2680 filius
781 2638 886 2699 agnos,

217 2736 259 2800 Et
282 2731 412 2797 calidam
434 2737 516 2796 sesso
540 2746 699 2816 comparat
722 2754 804 2798 uxor
824 2756 950 2820 aquam.
1002 2764 1009 2775 ·

173 2849 224 2912 Sic
247 2870 303 2929 ego
326 2850 394 2912 sim.

89 2965 259 3047 Postquam
292 2975 395 3025 autem
425 2963 535 3025 Deliae
565 2963 800 3046 pulchritudine
828 2966 994 3045 incensus,
1033 2988 1111 3031 con·

87 3077 164 3158 iugii
184 3078 258 3139 iusti
280 3076 444 3140 consilium
469 3076 638 3155 abiecerat,
661 3090 766 3139 tamen
788 3081 881 3142 etiam
903 3078 964 3143 hos
985 3098 1110 3145 amores

87 3213 152 3254 non
173 3192 311 3255 seiunxit
330 3193 513 3273 cogitatione
535 3215 554 3256 a
574 3197 690 3256 rustica
710 3195 784 3274 vita,
807 3194 958 3278 quamdiu
979 3195 1111 3280 quidem

87 3306 179 3367 Delia
205 3307 339 3388 innupta
359 3307 436 3384 fuit,
464 3328 521 3370 neo
541 3308 602 3371 nisi
622 3313 735 3372 morbo
759 3311 856 3370 animi
878 3311 912 3371 in
934 3310 997 3372 fine
1025 3312 1110 3375 vitae

87 3440 124 3480 eo
153 3418 265 3480 adduci
293 3421 410 3499 potuit,
438 3433 473 3482 ut
499 3421 635 3486 vendere
665 3425 763 3488 avitas
785 3423 874 3487 sedes
901 3445 935 3487 se
960 3439 1110 3507 paratum

86 3532 218 3612 diceret,
251 3535 278 3596 si
300 3533 442 3598 Nemesis
463 3538 594 3600 avaritia
613 3539 746 3604 iuberet.
796 3539 859 3605 Sed
880 3539 1022 3606 dicamus
1043 3544 1109 3606 sin·

84 3651 213 3730 gulatim
235 3649 273 3714 de
295 3671 401 3713 amore
422 3652 536 3715 harum
554 3656 740 3737 puellarum.

10 3750 13 3757 ¹
169 3767 214 3828 Aa
235 3768 319 3831 Delio
340 3764 466 3849 quidem
487 3788 545 3847 per
566 3788 599 3830 se
620 3773 704 3833 bona
723 3783 752 3832 et
767 3773 868 3853 proba
884 3773 992 3854 puella
1010 3772 1109 3837 fuisse

85 3881 226 3960 videtin,
256 3882 397 3944 honestis
427 3883 586 3961 moribus,
618 3885 743 3966 ingenio
764 3906 830 3950 non
851 3886 988 3964 inculto,
1023 3908 1108 3970 quae

84 3994 204 4056 Tibulli
226 4015 332 4059 amore
353 3996 444 4058 initio
466 4018 532 4060 non
553 3997 680 4079 indigna
703 4011 792 4061 esset.
840 4000 1009 4062 Passovius
1032 3999 1108 4089 dicit

84 4106 188 4169 minus
208 4110 288 4172 bene
309 4122 340 4172 et
360 4111 531 4174 liberaliter
552 4111 730 4192 educatam3
755 4134 811 4194 ego
836 4132 1004 4196 qtsaeram,
1027 4136 1107 4198 qua·

83 4223 144 4283 lem
167 4244 291 4287 cesssare
313 4225 490 4308 debeamus,
511 4252 529 4292 a
551 4251 614 4313 qua
633 4232 800 4293 Messalam
818 4244 910 4313 poeta
927 4234 1032 4314 excipi
1047 4256 1107 4297 vo·

82 4338 166 4399 lebat
181 4339 212 4399 in
229 4339 359 4422 praedio
378 4363 445 4406 suo·
489 4342 678 4411 observabis
700 4343 812 4407 deinde
834 4345 948 4426 scripta
971 4345 1012 4408 ad
1035 4367 1107 4409 eam
