2468 4838
166 634 245 674 xxtt
587 610 644 672 DE
667 609 769 672 VITA

167 783 331 848 ditioribus
353 782 474 864 copiam
497 782 546 846 sui
567 782 699 858 iaceret,
721 790 813 862 atque
835 779 927 841 etiam
949 777 1111 840 Tibullum
1135 776 1191 840 de-

169 911 292 981 ceptum
314 892 547 981 pulchritudine
578 895 645 958 eius
674 906 704 956 et
731 893 872 957 moribus
894 894 1041 956 suavibus
1063 893 1193 956 nonnisi

166 1032 332 1074 munerum
353 1029 538 1091 magnorum
559 1006 701 1072 mercede
730 1005 921 1084 admitteret,
952 1018 983 1068 et
1005 1007 1092 1069 hunc
1120 1006 1193 1090 qui·

168 1128 238 1195 dem
261 1149 333 1194 raro
356 1139 392 1189 ut
411 1126 516 1189 minus
540 1125 676 1203 divitem,
700 1125 824 1206 saepius
844 1143 921 1187 vero
944 1122 1147 1187 excluderet:

296 1254 370 1304 tunc
391 1241 512 1304 morior
532 1239 628 1315 curis,
651 1234 729 1321 (ait,)
755 1248 829 1299 tunc
856 1255 945 1298 mens
967 1237 1045 1298 mihi
1066 1234 1192 1319 perdita

710 1334 713 1339 ’
792 1352 888 1432 lingit,

339 1468 448 1552 quisve
468 1486 571 1528 meam
597 1477 700 1528 teneat
728 1477 806 1549 quot
828 1475 971 1529 teneatue
992 1465 1106 1531 modis.

166 1583 275 1645 Fuisse
303 1581 384 1642 hene
409 1579 552 1642 ultimam
573 1591 706 1641 amatam
726 1590 838 1660 poetae
868 1575 998 1643 Ovidius
1020 1581 1054 1641 in
1078 1580 1194 1662 Epioe·

166 1696 218 1760 dio
240 1708 389 1773 testatur,
422 1708 548 1758 etcum
576 1694 704 1758 nonnisi
724 1695 785 1756 tria
808 1693 947 1757 carmina
976 1695 1011 1755 in
1036 1714 1107 1757 eam
1135 1697 1194 1759 ba·

165 1814 313 1888 beamus,
343 1807 437 1872 etism
463 1808 508 1870 sic
539 1808 685 1873 coniicins
715 1827 781 1871 non
810 1805 866 1871 diu
894 1821 965 1871 sote
985 1808 1084 1870 finem
1108 1808 1193 1871 uitae

167 1928 253 1990 hunc
277 1927 450 1988 iufaustum
470 1944 610 1988 amorem
634 1938 750 1988 ortum.
803 1922 897 2001 Quod
927 1926 1044 1987 iactum
1064 1921 1193 1987 videtur

167 2043 240 2103 circ.
261 2046 334 2103 733.
383 2042 422 2102 lo
442 2040 579 2102 carmine
604 2038 644 2101 ad
663 2039 869 2102 Messalinum
893 2037 967 2101 dicit
988 2038 1137 2099 Tibullus
1157 2057 1192 2099 se

167 2156 230 2216 iam
258 2175 376 2216 annum
406 2155 548 2217 saucium
576 2156 678 2217 iacere
706 2155 768 2218 hoc
795 2174 918 2231 amore,
955 2151 1043 2237 quod
1068 2173 1109 2215 ex
1132 2154 1193 2216 boc

167 2272 285 2334 calculo
306 2292 379 2333 ano.
403 2271 476 2333 ret.
498 2272 647 2353 scriptum
667 2271 774 2334 luerit.
827 2271 951 2352 Elegiae
972 2290 1048 2333 tero
1070 2271 1105 2331 in
1128 2268 1194 2332 Ne·

166 2384 284 2459 mosim,
303 2397 338 2447 ut
359 2385 443 2447 inira
464 2384 526 2449 elio
547 2386 618 2447 loco
640 2388 767 2463 notabo,
789 2406 826 2448 eo
845 2387 911 2448 iere
929 2383 1040 2447 ordine
1058 2388 1193 2467 scriptae

167 2494 315 2558 videntur
339 2516 403 2579 quo
427 2516 511 2556 nunc
540 2497 697 2575 leguntur.
749 2497 895 2559 Tibullus
925 2497 959 2559 in
991 2499 1052 2562 hoc
1084 2520 1192 2562 amoro

167 2621 311 2673 mortuus
327 2622 382 2687 est,
402 2622 480 2672 teste
497 2607 611 2676 Ouidio
630 2611 665 2672 in
684 2608 842 2692 Epicedio,
863 2611 919 2673 ubi
939 2610 1082 2675 Nemesis
1098 2610 1191 2674 dicit:

375 2725 429 2787 Me
449 2726 551 2788 tenuit
570 2729 708 2789 moriens
730 2725 889 2789 deficiente
911 2746 1016 2802 manu,

168 2838 223 2920 qui
244 2855 354 2901 uersus
377 2834 581 2918 depromptus
610 2859 650 2900 cx
680 2839 775 2920 elegia
798 2838 900 2921 prima
921 2838 996 2900 libri
1018 2839 1114 2921 primi
1135 2840 1190 2902 Τί·

167 2952 309 3028 bullioni,
332 2951 451 3013 etiamsi
470 2971 534 3014 non
556 2951 746 3017 adverbum
760 2966 918 3035 urgeatur,
940 2956 1000 3017 hoc
1019 2956 1191 3018 certissIms

167 3070 297 3149 probat,
317 3065 459 3129 nondum
480 3069 603 3132 finitum
627 3071 722 3134 iuisss
742 3071 827 3139 hunc
848 3089 1003 3148 amorem,
1028 3091 1099 3133 cum
1122 3073 1193 3134 obi·

168 3185 366 3255 retulimus,
394 3183 449 3247 sed
474 3189 504 3246 io
532 3206 655 3265 amore,
690 3200 727 3250 ut
755 3185 837 3264 dixi,
867 3199 1027 3250 mortuum
1054 3199 1193 3268 poetam·

169 3301 254 3362 Haec
277 3302 437 3363 hactenus.

256 3414 377 3473 Tertium
404 3412 521 3475 libruot
545 3433 610 3477 non
637 3434 704 3477 csse
731 3415 851 3478 Tibulli
870 3417 991 3499 primus
1013 3420 1194 3483 observavit

169 3531 301 3590 loannes
317 3527 471 3591 Henricus
487 3531 620 3593 Vossius
640 3531 674 3592 in
690 3530 878 3597 calendario
899 3532 1023 3614 poetico
1045 3529 1192 3615 (Museo-

169 3639 344 3725 aimanoch)
370 3663 444 3704 aun.
468 3647 576 3718 1786„
597 3642 692 3728 idque
713 3656 822 3726 postea
845 3647 978 3727 amplius
1002 3644 1191 3708 confirmare

169 3756 288 3821 studuit
315 3759 350 3820 in
378 3759 588 3841 praelatione,
619 3781 714 3843 quam
739 3763 950 3825 Translationi
973 3782 1047 3824 suae
1070 3760 1194 3823 Tibulli

170 3894 242 3935 ano.
264 3879 359 3937 tuto.
389 3871 489 3936 editae
517 3875 689 3955 praemisit.
736 3877 862 3939 Assensi
890 3888 964 3943 sunt
993 3872 1192 3937 Eicbstadius

170 3986 305 4061 primum
319 3987 427 4067 paucis
442 3987 546 4049 verbis
565 3987 598 4049 in
614 3990 847 4069 Programmate
862 3990 985 4053 lenensi
1005 4010 1079 4051 ann.
1097 3993 1194 4053 1806.

171 4097 221 4157 cui
243 4097 368 4163 titulusr
405 4104 590 4184 Dispmneur
610 4106 742 4165 manullo
762 4106 799 4166 de
826 4109 876 4179 iis,
905 4124 980 4186 quae
1001 4124 1070 4162 noco
1093 4102 1198 4194 Tibulli

171 4214 271 4277 editori
289 4219 330 4278 oei
349 4221 477 4281 cucuma
498 4222 539 4280 cel
554 4216 789 4300 fecundastis,
817 4230 925 4300 postca
949 4215 1077 4280 uberius
1104 4238 1193 4280 cont-

171 4333 290 4395 munita
311 4334 416 4397 Vossii
438 4335 589 4399 sententia
610 4334 711 4397 tribus
732 4335 800 4396 aliis
819 4333 1055 4415 programmatis
1079 4331 1192 4397 acade-
