<?xml version="1.0" encoding="UTF-8"?>
<!DOCTYPE html PUBLIC "-//W3C//DTD XHTML 1.0 Transitional//EN"
    "http://www.w3.org/TR/xhtml1/DTD/xhtml1-transitional.dtd">
<html xmlns="http://www.w3.org/1999/xhtml" xml:lang="en" lang="en">
 <head>
  <title>
</title>
<meta http-equiv="Content-Type" content="text/html;charset=utf-8" />
  <meta name='ocr-system' content='tesseract 3.04.00' />
  <meta name='ocr-capabilities' content='ocr_page ocr_carea ocr_par ocr_line ocrx_word'/>
</head>
<body>
  <div class='ocr_page' id='page_1' title='image "albiitibullicar00dissgoog_0090.png"; bbox 0 0 2468 4838; ppageno 0'>
   <div class='ocr_carea' id='block_1_1' title="bbox 554 518 1147 608">
    <p class='ocr_par' dir='ltr' id='par_1_1' title="bbox 554 518 1147 608">
     <span class='ocr_line' id='line_1_1' title="bbox 554 518 1147 608; baseline 0.002 -25"><span class='ocrx_word' id='word_1_1' title='bbox 554 518 737 589; x_wconf 79' lang='lat' dir='ltr'><strong>nmunm.</strong></span> <span class='ocrx_word' id='word_1_2' title='bbox 1039 560 1147 608; x_wconf 61' lang='lat' dir='ltr'>»xxxv</span> 
     </span>
    </p>
   </div>
   <div class='ocr_carea' id='block_1_2' title="bbox 122 688 1145 1474">
    <p class='ocr_par' dir='ltr' id='par_1_2' title="bbox 122 688 1145 1474">
     <span class='ocr_line' id='line_1_2' title="bbox 123 688 1145 774; baseline 0.02 -20"><span class='ocrx_word' id='word_1_3' title='bbox 123 688 285 769; x_wconf 88' lang='lat' dir='ltr'><strong>solutum,</strong></span> <span class='ocrx_word' id='word_1_4' title='bbox 316 701 347 752; x_wconf 91' lang='lat' dir='ltr'><strong>et</strong></span> <span class='ocrx_word' id='word_1_5' title='bbox 366 709 426 772; x_wconf 91' lang='lat' dir='ltr'><strong>pro</strong></span> <span class='ocrx_word' id='word_1_6' title='bbox 446 690 571 774; x_wconf 86' lang='lat' dir='ltr'><strong>templis</strong></span> <span class='ocrx_word' id='word_1_7' title='bbox 594 693 781 760; x_wconf 76' lang='lat' dir='ltr'><strong>habitaverit</strong></span> <span class='ocrx_word' id='word_1_8' title='bbox 801 699 835 761; x_wconf 93' lang='lat' dir='ltr'><strong>in</strong></span> <span class='ocrx_word' id='word_1_9' title='bbox 856 704 968 768; x_wconf 90' lang='lat' dir='ltr'><strong>humili</strong></span> <span class='ocrx_word' id='word_1_10' title='bbox 989 729 1066 771; x_wconf 91' lang='lat' dir='ltr'><strong>casa.</strong></span> <span class='ocrx_word' id='word_1_11' title='bbox 1110 714 1145 773; x_wconf 90' lang='lat' dir='ltr'><strong>ln</strong></span> 
     </span>
     <span class='ocr_line' id='line_1_3' title="bbox 123 803 1145 896; baseline 0.019 -27"><span class='ocrx_word' id='word_1_12' title='bbox 123 827 188 892; x_wconf 90' lang='lat' dir='ltr'><strong>quo</strong></span> <span class='ocrx_word' id='word_1_13' title='bbox 210 805 427 870; x_wconf 80' lang='lat' dir='ltr'><strong>Tibullianam</strong></span> <span class='ocrx_word' id='word_1_14' title='bbox 448 803 634 871; x_wconf 80' lang='lat' dir='ltr'><strong>divisionem</strong></span> <span class='ocrx_word' id='word_1_15' title='bbox 655 831 761 873; x_wconf 91' lang='lat' dir='ltr'><strong>rerum</strong></span> <span class='ocrx_word' id='word_1_16' title='bbox 786 835 928 896; x_wconf 84' lang='lat' dir='ltr'><strong>agnosco.</strong></span> <span class='ocrx_word' id='word_1_17' title='bbox 978 819 1039 884; x_wconf 89' lang='lat' dir='ltr'><strong>Sed</strong></span> <span class='ocrx_word' id='word_1_18' title='bbox 1062 844 1145 889; x_wconf 87' lang='lat' dir='ltr'><strong>nunc</strong></span> 
     </span>
     <span class='ocr_line' id='line_1_4' title="bbox 122 918 658 986; baseline 0.002 -2"><span class='ocrx_word' id='word_1_19' title='bbox 122 919 291 986; x_wconf 86' lang='lat' dir='ltr'><strong>considera</strong></span> <span class='ocrx_word' id='word_1_20' title='bbox 312 919 390 983; x_wconf 88' lang='lat' dir='ltr'><strong>mihi</strong></span> <span class='ocrx_word' id='word_1_21' title='bbox 410 920 487 984; x_wconf 90' lang='lat' dir='ltr'><strong>haec</strong></span> <span class='ocrx_word' id='word_1_22' title='bbox 509 918 658 985; x_wconf 88' lang='lat' dir='ltr'><strong>disticha:</strong></span> 
     </span>
     <span class='ocr_line' id='line_1_5' title="bbox 207 1032 990 1125; baseline 0.022 -31"><span class='ocrx_word' id='word_1_23' title='bbox 207 1032 237 1100; x_wconf 94' lang='lat'>0</span> <span class='ocrx_word' id='word_1_24' title='bbox 260 1036 407 1117; x_wconf 88' lang='lat' dir='ltr'><strong>quotiens</strong></span> <span class='ocrx_word' id='word_1_25' title='bbox 427 1035 483 1098; x_wconf 91' lang='lat' dir='ltr'><strong>illo</strong></span> <span class='ocrx_word' id='word_1_26' title='bbox 505 1039 640 1100; x_wconf 76' lang='lat' dir='ltr'><strong>vitulum</strong></span> <span class='ocrx_word' id='word_1_27' title='bbox 662 1052 799 1119; x_wconf 84' lang='lat' dir='ltr'><strong>gestante</strong></span> <span class='ocrx_word' id='word_1_28' title='bbox 820 1063 878 1123; x_wconf 92' lang='lat' dir='ltr'><strong>per</strong></span> <span class='ocrx_word' id='word_1_29' title='bbox 900 1066 990 1125; x_wconf 79' lang='lat' dir='ltr'><strong>agros</strong></span> 
     </span>
     <span class='ocr_line' id='line_1_6' title="bbox 247 1149 880 1218; baseline 0.013 -8"><span class='ocrx_word' id='word_1_30' title='bbox 247 1149 375 1211; x_wconf 77' lang='lat' dir='ltr'><strong>Dicitur</strong></span> <span class='ocrx_word' id='word_1_31' title='bbox 396 1168 562 1214; x_wconf 86' lang='lat' dir='ltr'><strong>occurrens</strong></span> <span class='ocrx_word' id='word_1_32' title='bbox 584 1153 747 1215; x_wconf 87' lang='lat' dir='ltr'><strong>erubuisse</strong></span> <span class='ocrx_word' id='word_1_33' title='bbox 769 1154 880 1218; x_wconf 82' lang='lat' dir='ltr'><strong>sorori</strong></span> 
     </span>
     <span class='ocr_line' id='line_1_7' title="bbox 210 1257 1074 1348; baseline 0.009 -22"><span class='ocrx_word' id='word_1_34' title='bbox 210 1257 238 1326; x_wconf 96' lang='lat'>0</span> <span class='ocrx_word' id='word_1_35' title='bbox 261 1263 407 1344; x_wconf 86' lang='lat' dir='ltr'><strong>quotiens</strong></span> <span class='ocrx_word' id='word_1_36' title='bbox 430 1282 540 1342; x_wconf 90' lang='lat' dir='ltr'><strong>ausae,</strong></span> <span class='ocrx_word' id='word_1_37' title='bbox 570 1277 693 1327; x_wconf 85' lang='lat' dir='ltr'><strong>caneret</strong></span> <span class='ocrx_word' id='word_1_38' title='bbox 715 1264 790 1329; x_wconf 89' lang='lat' dir='ltr'><strong>dum</strong></span> <span class='ocrx_word' id='word_1_39' title='bbox 810 1269 892 1330; x_wconf 87' lang='lat' dir='ltr'><strong>valle</strong></span> <span class='ocrx_word' id='word_1_40' title='bbox 913 1273 971 1332; x_wconf 93' lang='lat' dir='ltr'><strong>sub</strong></span> <span class='ocrx_word' id='word_1_41' title='bbox 996 1273 1074 1348; x_wconf 92' lang='lat' dir='ltr'><strong>alta,</strong></span> 
     </span>
     <span class='ocr_line' id='line_1_8' title="bbox 248 1375 965 1474; baseline 0.014 -38"><span class='ocrx_word' id='word_1_42' title='bbox 248 1375 409 1458; x_wconf 85' lang='lat' dir='ltr'><strong>Rumpere</strong></span> <span class='ocrx_word' id='word_1_43' title='bbox 432 1376 552 1474; x_wconf 82' lang='lat' dir='ltr'><strong>mugitu</strong></span> <span class='ocrx_word' id='word_1_44' title='bbox 578 1379 715 1441; x_wconf 90' lang='lat' dir='ltr'><strong>carmina</strong></span> <span class='ocrx_word' id='word_1_45' title='bbox 737 1378 827 1443; x_wconf 91' lang='lat' dir='ltr'><strong>docta</strong></span> <span class='ocrx_word' id='word_1_46' title='bbox 848 1378 965 1446; x_wconf 85' lang='lat' dir='ltr'><strong>boves!</strong></span> 
     </span>
    </p>
   </div>
   <div class='ocr_carea' id='block_1_3' title="bbox 87 1488 1206 4317">
    <p class='ocr_par' dir='ltr' id='par_1_3' title="bbox 87 1488 1137 3175">
     <span class='ocr_line' id='line_1_9' title="bbox 205 1488 993 1576; baseline 0.011 -24"><span class='ocrx_word' id='word_1_47' title='bbox 205 1488 307 1573; x_wconf 86' lang='lat' dir='ltr'><strong>Saepe</strong></span> <span class='ocrx_word' id='word_1_48' title='bbox 329 1489 423 1554; x_wconf 89' lang='lat' dir='ltr'><strong>duces</strong></span> <span class='ocrx_word' id='word_1_49' title='bbox 444 1492 572 1575; x_wconf 73' lang='lat' dir='ltr'><strong>trepidis</strong></span> <span class='ocrx_word' id='word_1_50' title='bbox 594 1495 713 1576; x_wconf 88' lang='lat' dir='ltr'><strong>petiere</strong></span> <span class='ocrx_word' id='word_1_51' title='bbox 736 1499 862 1558; x_wconf 90' lang='lat' dir='ltr'><strong>oracula</strong></span> <span class='ocrx_word' id='word_1_52' title='bbox 881 1501 993 1571; x_wconf 89' lang='lat' dir='ltr'><strong>rebus,</strong></span> 
     </span>
     <span class='ocr_line' id='line_1_10' title="bbox 249 1606 977 1691; baseline 0.01 -24"><span class='ocrx_word' id='word_1_53' title='bbox 249 1606 348 1669; x_wconf 86' lang='lat' dir='ltr'><strong>Venit</strong></span> <span class='ocrx_word' id='word_1_54' title='bbox 368 1618 400 1668; x_wconf 88' lang='lat' dir='ltr'><strong>et</strong></span> <span class='ocrx_word' id='word_1_55' title='bbox 421 1609 582 1691; x_wconf 81' lang='lat' dir='ltr'><strong>atemplis</strong></span> <span class='ocrx_word' id='word_1_56' title='bbox 604 1609 694 1672; x_wconf 89' lang='lat' dir='ltr'><strong>irrita</strong></span> <span class='ocrx_word' id='word_1_57' title='bbox 717 1613 810 1673; x_wconf 88' lang='lat' dir='ltr'><strong>turba</strong></span> <span class='ocrx_word' id='word_1_58' title='bbox 832 1610 977 1674; x_wconf 89' lang='lat' dir='ltr'><strong>domum:</strong></span> 
     </span>
     <span class='ocr_line' id='line_1_11' title="bbox 204 1718 1015 1806; baseline 0.005 -24"><span class='ocrx_word' id='word_1_59' title='bbox 204 1718 305 1802; x_wconf 83' lang='lat' dir='ltr'><strong>Saepe</strong></span> <span class='ocrx_word' id='word_1_60' title='bbox 325 1721 457 1784; x_wconf 90' lang='lat' dir='ltr'><strong>horrere</strong></span> <span class='ocrx_word' id='word_1_61' title='bbox 478 1740 582 1785; x_wconf 85' lang='lat' dir='ltr'><strong>sacros</strong></span> <span class='ocrx_word' id='word_1_62' title='bbox 605 1721 705 1784; x_wconf 88' lang='lat' dir='ltr'><strong>doluit</strong></span> <span class='ocrx_word' id='word_1_63' title='bbox 725 1722 848 1787; x_wconf 84' lang='lat' dir='ltr'><strong>Latona</strong></span> <span class='ocrx_word' id='word_1_64' title='bbox 872 1725 1015 1806; x_wconf 76' lang='lat' dir='ltr'><strong>capillos,</strong></span> 
     </span>
     <span class='ocr_line' id='line_1_12' title="bbox 248 1832 938 1921; baseline 0.009 -23"><span class='ocrx_word' id='word_1_65' title='bbox 248 1832 335 1912; x_wconf 82' lang='lat' dir='ltr'><strong>Quos</strong></span> <span class='ocrx_word' id='word_1_66' title='bbox 356 1833 509 1899; x_wconf 88' lang='lat' dir='ltr'><strong>admirata</strong></span> <span class='ocrx_word' id='word_1_67' title='bbox 529 1849 574 1900; x_wconf 85' lang='lat' dir='ltr'><strong>est</strong></span> <span class='ocrx_word' id='word_1_68' title='bbox 595 1837 663 1920; x_wconf 90' lang='lat' dir='ltr'><strong>ipsa</strong></span> <span class='ocrx_word' id='word_1_69' title='bbox 684 1859 820 1904; x_wconf 88' lang='lat' dir='ltr'><strong>noverca</strong></span> <span class='ocrx_word' id='word_1_70' title='bbox 840 1842 938 1921; x_wconf 82' lang='lat' dir='ltr'><strong>prius.</strong></span> 
     </span>
     <span class='ocr_line' id='line_1_13' title="bbox 117 1951 1137 2038; baseline 0 -24"><span class='ocrx_word' id='word_1_71' title='bbox 117 1951 198 2014; x_wconf 82' lang='lat' dir='ltr'><strong>Dixi</strong></span> <span class='ocrx_word' id='word_1_72' title='bbox 219 1953 255 2015; x_wconf 92' lang='lat' dir='ltr'><strong>in</strong></span> <span class='ocrx_word' id='word_1_73' title='bbox 276 1954 420 2038; x_wconf 83' lang='lat' dir='ltr'><strong>sequenti</strong></span> <span class='ocrx_word' id='word_1_74' title='bbox 442 1955 540 2036; x_wconf 90' lang='lat' dir='ltr'><strong>capite</strong></span> <span class='ocrx_word' id='word_1_75' title='bbox 565 1952 604 2017; x_wconf 90' lang='lat' dir='ltr'><strong>de</strong></span> <span class='ocrx_word' id='word_1_76' title='bbox 628 1957 790 2038; x_wconf 84' lang='lat' dir='ltr'><strong>anaphora</strong></span> <span class='ocrx_word' id='word_1_77' title='bbox 816 1957 986 2036; x_wconf 85' lang='lat' dir='ltr'><strong>explicate,</strong></span> <span class='ocrx_word' id='word_1_78' title='bbox 1015 1953 1071 2017; x_wconf 91' lang='lat' dir='ltr'><strong>ubi</strong></span> <span class='ocrx_word' id='word_1_79' title='bbox 1091 1955 1137 2017; x_wconf 85' lang='lat' dir='ltr'><strong>vi·</strong></span> 
     </span>
     <span class='ocr_line' id='line_1_14' title="bbox 118 2063 1136 2153; baseline 0 -26"><span class='ocrx_word' id='word_1_80' title='bbox 118 2063 206 2131; x_wconf 85' lang='lat' dir='ltr'><strong>debis</strong></span> <span class='ocrx_word' id='word_1_81' title='bbox 234 2088 304 2131; x_wconf 88' lang='lat' dir='ltr'><strong>canr</strong></span> <span class='ocrx_word' id='word_1_82' title='bbox 330 2069 507 2133; x_wconf 80' lang='lat' dir='ltr'><strong>conformes</strong></span> <span class='ocrx_word' id='word_1_83' title='bbox 533 2071 700 2134; x_wconf 89' lang='lat' dir='ltr'><strong>sententias</strong></span> <span class='ocrx_word' id='word_1_84' title='bbox 728 2070 890 2153; x_wconf 83' lang='lat' dir='ltr'><strong>requirere</strong></span> <span class='ocrx_word' id='word_1_85' title='bbox 916 2082 946 2132; x_wconf 90' lang='lat' dir='ltr'><strong>et</strong></span> <span class='ocrx_word' id='word_1_86' title='bbox 969 2069 1136 2133; x_wconf 80' lang='lat' dir='ltr'><strong>divisiones</strong></span> 
     </span>
     <span class='ocr_line' id='line_1_15' title="bbox 118 2183 1134 2266; baseline 0.003 -25"><span class='ocrx_word' id='word_1_87' title='bbox 118 2192 276 2242; x_wconf 83' lang='lat' dir='ltr'><strong>accuratas</strong></span> <span class='ocrx_word' id='word_1_88' title='bbox 303 2202 421 2245; x_wconf 86' lang='lat' dir='ltr'><strong>rerum.</strong></span> <span class='ocrx_word' id='word_1_89' title='bbox 462 2183 557 2246; x_wconf 89' lang='lat' dir='ltr'><strong>Nunc</strong></span> <span class='ocrx_word' id='word_1_90' title='bbox 586 2197 689 2247; x_wconf 89' lang='lat' dir='ltr'><strong>autem</strong></span> <span class='ocrx_word' id='word_1_91' title='bbox 716 2205 797 2266; x_wconf 89' lang='lat' dir='ltr'><strong>quae</strong></span> <span class='ocrx_word' id='word_1_92' title='bbox 823 2197 868 2246; x_wconf 90' lang='lat' dir='ltr'><strong>est</strong></span> <span class='ocrx_word' id='word_1_93' title='bbox 892 2185 973 2246; x_wconf 90' lang='lat' dir='ltr'><strong>ratio</strong></span> <span class='ocrx_word' id='word_1_94' title='bbox 1001 2184 1134 2244; x_wconf 86' lang='lat' dir='ltr'><strong>horum:</strong></span> 
     </span>
     <span class='ocr_line' id='line_1_16' title="bbox 118 2294 1135 2382; baseline -0.004 -20"><span class='ocrx_word' id='word_1_95' title='bbox 118 2294 146 2362; x_wconf 93' lang='grc'><strong>0</strong></span> <span class='ocrx_word' id='word_1_96' title='bbox 167 2297 314 2380; x_wconf 86' lang='lat' dir='ltr'><strong>quotiens</strong></span> <span class='ocrx_word' id='word_1_97' title='bbox 334 2300 468 2361; x_wconf 75' lang='lat' dir='ltr'><strong>vitulum</strong></span> <span class='ocrx_word' id='word_1_98' title='bbox 490 2300 635 2381; x_wconf 81' lang='lat' dir='ltr'><strong>gestavit,</strong></span> <span class='ocrx_word' id='word_1_99' title='bbox 660 2299 842 2382; x_wconf 89' lang='lat' dir='ltr'><strong>oquoticns</strong></span> <span class='ocrx_word' id='word_1_100' title='bbox 860 2299 997 2361; x_wconf 89' lang='lat' dir='ltr'><strong>carmina</strong></span> <span class='ocrx_word' id='word_1_101' title='bbox 1016 2296 1135 2376; x_wconf 78' lang='lat' dir='ltr'><strong>mugitu</strong></span> 
     </span>
     <span class='ocr_line' id='line_1_17' title="bbox 115 2409 1135 2496; baseline -0.006 -22"><span class='ocrx_word' id='word_1_102' title='bbox 115 2423 272 2492; x_wconf 84' lang='lat' dir='ltr'><strong>ruperunt</strong></span> <span class='ocrx_word' id='word_1_103' title='bbox 291 2409 404 2474; x_wconf 85' lang='lat' dir='ltr'><strong>boves!</strong></span> <span class='ocrx_word' id='word_1_104' title='bbox 445 2411 664 2496; x_wconf 75' lang='lat' dir='ltr'><strong>Imprimhque</strong></span> <span class='ocrx_word' id='word_1_105' title='bbox 684 2413 779 2474; x_wconf 88' lang='lat' dir='ltr'><strong>haec:</strong></span> <span class='ocrx_word' id='word_1_106' title='bbox 802 2412 900 2493; x_wconf 86' lang='lat' dir='ltr'><strong>Saepe</strong></span> <span class='ocrx_word' id='word_1_107' title='bbox 920 2410 1047 2473; x_wconf 88' lang='lat' dir='ltr'><strong>oracula</strong></span> <span class='ocrx_word' id='word_1_108' title='bbox 1067 2409 1135 2469; x_wconf 87' lang='lat' dir='ltr'><strong>iru·</strong></span> 
     </span>
     <span class='ocr_line' id='line_1_18' title="bbox 116 2519 1133 2606; baseline -0.006 -19"><span class='ocrx_word' id='word_1_109' title='bbox 116 2536 178 2587; x_wconf 84' lang='lat' dir='ltr'><strong>stra</strong></span> <span class='ocrx_word' id='word_1_110' title='bbox 193 2527 355 2606; x_wconf 86' lang='lat' dir='ltr'><strong>petierunt</strong></span> <span class='ocrx_word' id='word_1_111' title='bbox 370 2523 473 2600; x_wconf 87' lang='lat' dir='ltr'><strong>duces,</strong></span> <span class='ocrx_word' id='word_1_112' title='bbox 494 2544 586 2605; x_wconf 85' lang='lat' dir='ltr'><strong>saepe</strong></span> <span class='ocrx_word' id='word_1_113' title='bbox 604 2525 731 2605; x_wconf 81' lang='lat' dir='ltr'><strong>capillos</strong></span> <span class='ocrx_word' id='word_1_114' title='bbox 745 2525 875 2606; x_wconf 79' lang='lat' dir='ltr'><strong>horrere</strong></span> <span class='ocrx_word' id='word_1_115' title='bbox 891 2519 989 2585; x_wconf 88' lang='lat' dir='ltr'><strong>doluit</strong></span> <span class='ocrx_word' id='word_1_116' title='bbox 1002 2522 1133 2595; x_wconf 89' lang='lat' dir='ltr'><strong>Latona,</strong></span> 
     </span>
     <span class='ocr_line' id='line_1_19' title="bbox 87 2612 1133 2719; baseline -0.006 -21"><span class='ocrx_word' id='word_1_117' title='bbox 87 2612 90 2619; x_wconf 31' lang='lat'><strong><em>¹</em></strong></span> <span class='ocrx_word' id='word_1_118' title='bbox 116 2636 230 2719; x_wconf 81' lang='lat' dir='ltr'><strong>quibua</strong></span> <span class='ocrx_word' id='word_1_119' title='bbox 253 2637 334 2699; x_wconf 90' lang='lat' dir='ltr'><strong>nihil</strong></span> <span class='ocrx_word' id='word_1_120' title='bbox 354 2635 524 2711; x_wconf 85' lang='lat' dir='ltr'><strong>diversius,</strong></span> <span class='ocrx_word' id='word_1_121' title='bbox 547 2657 610 2718; x_wconf 86' lang='lat' dir='ltr'><strong>qua</strong></span> <span class='ocrx_word' id='word_1_122' title='bbox 629 2637 696 2715; x_wconf 82' lang='lat' dir='ltr'><strong>lege</strong></span> <span class='ocrx_word' id='word_1_123' title='bbox 719 2636 889 2718; x_wconf 90' lang='lat' dir='ltr'><strong>composita</strong></span> <span class='ocrx_word' id='word_1_124' title='bbox 909 2632 1004 2696; x_wconf 81' lang='lat' dir='ltr'><strong>sunt?</strong></span> <span class='ocrx_word' id='word_1_125' title='bbox 1046 2635 1133 2695; x_wconf 81' lang='lat' dir='ltr'><strong>Nihil</strong></span> 
     </span>
     <span class='ocr_line' id='line_1_20' title="bbox 113 2746 1131 2834; baseline -0.003 -23"><span class='ocrx_word' id='word_1_126' title='bbox 113 2749 296 2815; x_wconf 84' lang='lat' dir='ltr'><strong>huiuamodi</strong></span> <span class='ocrx_word' id='word_1_127' title='bbox 320 2752 395 2812; x_wconf 90' lang='lat' dir='ltr'><strong>alias</strong></span> <span class='ocrx_word' id='word_1_128' title='bbox 420 2772 553 2834; x_wconf 87' lang='lat' dir='ltr'><strong>usquam</strong></span> <span class='ocrx_word' id='word_1_129' title='bbox 577 2749 661 2832; x_wconf 89' lang='lat' dir='ltr'><strong>apud</strong></span> <span class='ocrx_word' id='word_1_130' title='bbox 682 2751 844 2813; x_wconf 90' lang='lat' dir='ltr'><strong>Tibullum</strong></span> <span class='ocrx_word' id='word_1_131' title='bbox 870 2747 1021 2811; x_wconf 80' lang='lat' dir='ltr'><strong>invenias.</strong></span> <span class='ocrx_word' id='word_1_132' title='bbox 1069 2746 1131 2809; x_wconf 84' lang='lat' dir='ltr'><strong>Sed</strong></span> 
     </span>
     <span class='ocr_line' id='line_1_21' title="bbox 115 2860 1131 2946; baseline 0 -22"><span class='ocrx_word' id='word_1_133' title='bbox 115 2861 310 2926; x_wconf 75' lang='lat' dir='ltr'><strong>emendasset</strong></span> <span class='ocrx_word' id='word_1_134' title='bbox 333 2864 464 2945; x_wconf 87' lang='lat' dir='ltr'><strong>opinor,</strong></span> <span class='ocrx_word' id='word_1_135' title='bbox 495 2865 521 2926; x_wconf 93' lang='lat' dir='ltr'><strong>si</strong></span> <span class='ocrx_word' id='word_1_136' title='bbox 543 2864 611 2946; x_wconf 87' lang='lat' dir='ltr'><strong>ipse</strong></span> <span class='ocrx_word' id='word_1_137' title='bbox 638 2866 754 2929; x_wconf 90' lang='lat' dir='ltr'><strong>librum</strong></span> <span class='ocrx_word' id='word_1_138' title='bbox 779 2863 950 2927; x_wconf 88' lang='lat' dir='ltr'><strong>secundum</strong></span> <span class='ocrx_word' id='word_1_139' title='bbox 978 2860 1131 2924; x_wconf 70' lang='lat' dir='ltr'><strong>edidisset.</strong></span> 
     </span>
     <span class='ocr_line' id='line_1_22' title="bbox 113 2976 1129 3060; baseline -0.005 -21"><span class='ocrx_word' id='word_1_140' title='bbox 113 2976 380 3041; x_wconf 65' lang='lat' dir='ltr'><strong>manasserus.</strong></span> <span class='ocrx_word' id='word_1_141' title='bbox 421 2976 559 3043; x_wconf 86' lang='lat' dir='ltr'><strong>Omnino</strong></span> <span class='ocrx_word' id='word_1_142' title='bbox 581 2978 619 3040; x_wconf 88' lang='lat' dir='ltr'><strong>de</strong></span> <span class='ocrx_word' id='word_1_143' title='bbox 642 2979 866 3060; x_wconf 84' lang='lat' dir='ltr'><strong>compositione</strong></span> <span class='ocrx_word' id='word_1_144' title='bbox 888 2977 1129 3060; x_wconf 86' lang='lat' dir='ltr'><strong>descriptionum</strong></span> 
     </span>
     <span class='ocr_line' id='line_1_23' title="bbox 113 3091 625 3175; baseline -0.004 -19"><span class='ocrx_word' id='word_1_145' title='bbox 113 3091 196 3175; x_wconf 84' lang='lat' dir='ltr'><strong>apud</strong></span> <span class='ocrx_word' id='word_1_146' title='bbox 217 3093 382 3156; x_wconf 87' lang='lat' dir='ltr'><strong>Tibullum</strong></span> <span class='ocrx_word' id='word_1_147' title='bbox 404 3094 477 3157; x_wconf 87' lang='lat' dir='ltr'><strong>satie</strong></span> <span class='ocrx_word' id='word_1_148' title='bbox 499 3094 625 3156; x_wconf 88' lang='lat' dir='ltr'><strong>dictum.</strong></span> 
     </span>
    </p>

    <p class='ocr_par' dir='ltr' id='par_1_4' title="bbox 104 3204 1206 4317">
     <span class='ocr_line' id='line_1_24' title="bbox 171 3204 1130 3292; baseline -0.006 -21"><span class='ocrx_word' id='word_1_149' title='bbox 171 3207 236 3271; x_wconf 83' lang='lat' dir='ltr'><strong>Sed</strong></span> <span class='ocrx_word' id='word_1_150' title='bbox 271 3210 420 3292; x_wconf 88' lang='lat' dir='ltr'><strong>expositis</strong></span> <span class='ocrx_word' id='word_1_151' title='bbox 453 3209 551 3291; x_wconf 89' lang='lat' dir='ltr'><strong>copiis</strong></span> <span class='ocrx_word' id='word_1_152' title='bbox 585 3211 697 3271; x_wconf 89' lang='lat' dir='ltr'><strong>harum</strong></span> <span class='ocrx_word' id='word_1_153' title='bbox 731 3207 900 3286; x_wconf 81' lang='lat' dir='ltr'><strong>elegiarum</strong></span> <span class='ocrx_word' id='word_1_154' title='bbox 936 3205 1037 3267; x_wconf 90' lang='lat' dir='ltr'><strong>statim</strong></span> <span class='ocrx_word' id='word_1_155' title='bbox 1071 3204 1130 3266; x_wconf 89' lang='lat' dir='ltr'><strong>alia</strong></span> 
     </span>
     <span class='ocr_line' id='line_1_25' title="bbox 112 3319 1129 3409; baseline -0.009 -20"><span class='ocrx_word' id='word_1_156' title='bbox 112 3327 213 3390; x_wconf 84' lang='lat' dir='ltr'><strong>oritur</strong></span> <span class='ocrx_word' id='word_1_157' title='bbox 237 3329 393 3409; x_wconf 87' lang='lat' dir='ltr'><strong>quaestio.</strong></span> <span class='ocrx_word' id='word_1_158' title='bbox 441 3328 527 3388; x_wconf 88' lang='lat' dir='ltr'><strong>Haec</strong></span> <span class='ocrx_word' id='word_1_159' title='bbox 549 3326 682 3390; x_wconf 85' lang='lat' dir='ltr'><strong>varietas</strong></span> <span class='ocrx_word' id='word_1_160' title='bbox 704 3345 811 3388; x_wconf 89' lang='lat' dir='ltr'><strong>rerum</strong></span> <span class='ocrx_word' id='word_1_161' title='bbox 833 3342 940 3386; x_wconf 91' lang='lat' dir='ltr'><strong>annon</strong></span> <span class='ocrx_word' id='word_1_162' title='bbox 960 3319 994 3382; x_wconf 86' lang='lat' dir='ltr'><strong>fit</strong></span> <span class='ocrx_word' id='word_1_163' title='bbox 1015 3320 1129 3404; x_wconf 89' lang='lat' dir='ltr'><strong>passim</strong></span> 
     </span>
     <span class='ocr_line' id='line_1_26' title="bbox 111 3437 1128 3524; baseline -0.002 -23"><span class='ocrx_word' id='word_1_164' title='bbox 111 3453 145 3501; x_wconf 94' lang='lat' dir='ltr'><strong>ut</strong></span> <span class='ocrx_word' id='word_1_165' title='bbox 171 3454 292 3524; x_wconf 77' lang='lat' dir='ltr'><strong>pugnet</strong></span> <span class='ocrx_word' id='word_1_166' title='bbox 315 3462 419 3505; x_wconf 87' lang='lat' dir='ltr'><strong>secum</strong></span> <span class='ocrx_word' id='word_1_167' title='bbox 441 3443 475 3503; x_wconf 91' lang='lat' dir='ltr'><strong>in</strong></span> <span class='ocrx_word' id='word_1_168' title='bbox 500 3440 608 3504; x_wconf 86' lang='lat' dir='ltr'><strong>eadem</strong></span> <span class='ocrx_word' id='word_1_169' title='bbox 630 3437 752 3521; x_wconf 74' lang='lat' dir='ltr'><strong>elegia?</strong></span> <span class='ocrx_word' id='word_1_170' title='bbox 794 3441 842 3502; x_wconf 88' lang='lat' dir='ltr'><strong>ita</strong></span> <span class='ocrx_word' id='word_1_171' title='bbox 863 3439 972 3502; x_wconf 87' lang='lat' dir='ltr'><strong>saltem</strong></span> <span class='ocrx_word' id='word_1_172' title='bbox 994 3439 1128 3520; x_wconf 81' lang='lat' dir='ltr'><strong>vulgaris</strong></span> 
     </span>
     <span class='ocr_line' id='line_1_27' title="bbox 111 3552 1128 3639; baseline -0.001 -25"><span class='ocrx_word' id='word_1_173' title='bbox 111 3555 217 3634; x_wconf 89' lang='lat' dir='ltr'><strong>opinio</strong></span> <span class='ocrx_word' id='word_1_174' title='bbox 247 3558 317 3616; x_wconf 85' lang='lat' dir='ltr'><strong>lert.</strong></span> <span class='ocrx_word' id='word_1_175' title='bbox 368 3552 430 3616; x_wconf 86' lang='lat' dir='ltr'><strong>Sed</strong></span> <span class='ocrx_word' id='word_1_176' title='bbox 458 3554 585 3617; x_wconf 85' lang='lat' dir='ltr'><strong>utinime</strong></span> <span class='ocrx_word' id='word_1_177' title='bbox 611 3555 664 3630; x_wconf 86' lang='lat' dir='ltr'><strong>fit,</strong></span> <span class='ocrx_word' id='word_1_178' title='bbox 696 3554 747 3618; x_wconf 90' lang='lat' dir='ltr'><strong>aio</strong></span> <span class='ocrx_word' id='word_1_179' title='bbox 776 3552 939 3639; x_wconf 81' lang='lat' dir='ltr'><strong>equidem3</strong></span> <span class='ocrx_word' id='word_1_180' title='bbox 974 3574 1128 3635; x_wconf 90' lang='lat' dir='ltr'><strong>nusquam</strong></span> 
     </span>
     <span class='ocr_line' id='line_1_28' title="bbox 111 3663 1128 3749; baseline -0.005 -19"><span class='ocrx_word' id='word_1_181' title='bbox 111 3664 234 3731; x_wconf 82' lang='lat' dir='ltr'><strong>dissidet</strong></span> <span class='ocrx_word' id='word_1_182' title='bbox 263 3669 345 3730; x_wconf 90' lang='lat' dir='ltr'><strong>male</strong></span> <span class='ocrx_word' id='word_1_183' title='bbox 374 3681 403 3729; x_wconf 85' lang='lat' dir='ltr'><strong>ct</strong></span> <span class='ocrx_word' id='word_1_184' title='bbox 432 3680 550 3749; x_wconf 79' lang='lat' dir='ltr'><strong>pugnat</strong></span> <span class='ocrx_word' id='word_1_185' title='bbox 578 3687 683 3730; x_wconf 88' lang='lat' dir='ltr'><strong>secum</strong></span> <span class='ocrx_word' id='word_1_186' title='bbox 710 3668 785 3729; x_wconf 87' lang='lat' dir='ltr'><strong>haec</strong></span> <span class='ocrx_word' id='word_1_187' title='bbox 807 3668 939 3730; x_wconf 82' lang='lat' dir='ltr'><strong>varietas</strong></span> <span class='ocrx_word' id='word_1_188' title='bbox 961 3679 992 3725; x_wconf 89' lang='lat' dir='ltr'><strong>et</strong></span> <span class='ocrx_word' id='word_1_189' title='bbox 1013 3663 1128 3725; x_wconf 87' lang='lat' dir='ltr'><strong>discre-</strong></span> 
     </span>
     <span class='ocr_line' id='line_1_29' title="bbox 109 3776 1127 3861; baseline -0.006 -19"><span class='ocrx_word' id='word_1_190' title='bbox 109 3793 216 3861; x_wconf 86' lang='lat' dir='ltr'><strong>pantes</strong></span> <span class='ocrx_word' id='word_1_191' title='bbox 238 3801 350 3843; x_wconf 89' lang='lat' dir='ltr'><strong>sensus</strong></span> <span class='ocrx_word' id='word_1_192' title='bbox 369 3781 467 3842; x_wconf 83' lang='lat' dir='ltr'><strong>infert</strong></span> <span class='ocrx_word' id='word_1_193' title='bbox 487 3779 673 3856; x_wconf 87' lang='lat' dir='ltr'><strong>iniucuudc,</strong></span> <span class='ocrx_word' id='word_1_194' title='bbox 694 3780 747 3842; x_wconf 90' lang='lat' dir='ltr'><strong>sed</strong></span> <span class='ocrx_word' id='word_1_195' title='bbox 770 3776 940 3842; x_wconf 90' lang='lat' dir='ltr'><strong>concordat</strong></span> <span class='ocrx_word' id='word_1_196' title='bbox 960 3777 1076 3856; x_wconf 87' lang='lat' dir='ltr'><strong>optime</strong></span> <span class='ocrx_word' id='word_1_197' title='bbox 1098 3789 1127 3837; x_wconf 92' lang='lat' dir='ltr'><strong>et</strong></span> 
     </span>
     <span class='ocr_line' id='line_1_30' title="bbox 108 3888 1206 3979; baseline -0.003 -22"><span class='ocrx_word' id='word_1_198' title='bbox 108 3897 252 3975; x_wconf 91' lang='lat' dir='ltr'><strong>pulchras</strong></span> <span class='ocrx_word' id='word_1_199' title='bbox 274 3896 412 3959; x_wconf 87' lang='lat' dir='ltr'><strong>rationes</strong></span> <span class='ocrx_word' id='word_1_200' title='bbox 433 3897 647 3979; x_wconf 90' lang='lat' dir='ltr'><strong>oppositarum</strong></span> <span class='ocrx_word' id='word_1_201' title='bbox 669 3915 776 3956; x_wconf 86' lang='lat' dir='ltr'><strong>rerum</strong></span> <span class='ocrx_word' id='word_1_202' title='bbox 802 3895 906 3955; x_wconf 88' lang='lat' dir='ltr'><strong>habet.</strong></span> <span class='ocrx_word' id='word_1_203' title='bbox 956 3891 1000 3954; x_wconf 90' lang='lat' dir='ltr'><strong>Ut</strong></span> <span class='ocrx_word' id='word_1_204' title='bbox 1022 3888 1128 3954; x_wconf 86' lang='lat' dir='ltr'><strong>ordiar</strong></span> <span class='ocrx_word' id='word_1_205' title='bbox 1202 3895 1206 3905; x_wconf 86' lang='lat'>&#39;</span> 
     </span>
     <span class='ocr_line' id='line_1_31' title="bbox 107 4005 1126 4090; baseline -0.001 -21"><span class='ocrx_word' id='word_1_206' title='bbox 107 4009 219 4086; x_wconf 86' lang='lat' dir='ltr'><strong>abiis,</strong></span> <span class='ocrx_word' id='word_1_207' title='bbox 254 4029 338 4090; x_wconf 86' lang='lat' dir='ltr'><strong>quae</strong></span> <span class='ocrx_word' id='word_1_208' title='bbox 361 4010 534 4090; x_wconf 87' lang='lat' dir='ltr'><strong>apertiora,</strong></span> <span class='ocrx_word' id='word_1_209' title='bbox 565 4008 620 4071; x_wconf 91' lang='lat' dir='ltr'><strong>ubi</strong></span> <span class='ocrx_word' id='word_1_210' title='bbox 643 4008 714 4090; x_wconf 89' lang='lat' dir='ltr'><strong>quis</strong></span> <span class='ocrx_word' id='word_1_211' title='bbox 741 4005 898 4069; x_wconf 88' lang='lat' dir='ltr'><strong>molestias</strong></span> <span class='ocrx_word' id='word_1_212' title='bbox 922 4019 974 4067; x_wconf 90' lang='lat' dir='ltr'><strong>aut</strong></span> <span class='ocrx_word' id='word_1_213' title='bbox 995 4009 1126 4069; x_wconf 83' lang='lat' dir='ltr'><strong>vulnera</strong></span> 
     </span>
     <span class='ocr_line' id='line_1_32' title="bbox 106 4118 1126 4204; baseline 0.002 -24"><span class='ocrx_word' id='word_1_214' title='bbox 106 4133 134 4182; x_wconf 85' lang='lat' dir='ltr'><strong>et</strong></span> <span class='ocrx_word' id='word_1_215' title='bbox 154 4120 267 4185; x_wconf 86' lang='lat' dir='ltr'><strong>caedes</strong></span> <span class='ocrx_word' id='word_1_216' title='bbox 290 4121 367 4182; x_wconf 89' lang='lat' dir='ltr'><strong>belli</strong></span> <span class='ocrx_word' id='word_1_217' title='bbox 388 4122 594 4204; x_wconf 87' lang='lat' dir='ltr'><strong>conqueritur</strong></span> <span class='ocrx_word' id='word_1_218' title='bbox 614 4134 644 4182; x_wconf 90' lang='lat' dir='ltr'><strong>et</strong></span> <span class='ocrx_word' id='word_1_219' title='bbox 665 4118 812 4202; x_wconf 92' lang='lat' dir='ltr'><strong>praedam</strong></span> <span class='ocrx_word' id='word_1_220' title='bbox 835 4140 869 4179; x_wconf 90' lang='lat' dir='ltr'><strong>ac</strong></span> <span class='ocrx_word' id='word_1_221' title='bbox 890 4120 1049 4182; x_wconf 86' lang='lat' dir='ltr'><strong>luxuriam</strong></span> <span class='ocrx_word' id='word_1_222' title='bbox 1071 4120 1126 4182; x_wconf 89' lang='lat' dir='ltr'><strong>de·</strong></span> 
     </span>
     <span class='ocr_line' id='line_1_33' title="bbox 104 4231 1125 4317; baseline 0 -21"><span class='ocrx_word' id='word_1_223' title='bbox 104 4244 252 4314; x_wconf 86' lang='lat' dir='ltr'><strong>testatur,</strong></span> <span class='ocrx_word' id='word_1_224' title='bbox 294 4231 373 4316; x_wconf 89' lang='lat' dir='ltr'><strong>quid</strong></span> <span class='ocrx_word' id='word_1_225' title='bbox 403 4233 528 4300; x_wconf 84' lang='lat' dir='ltr'><strong>suavius</strong></span> <span class='ocrx_word' id='word_1_226' title='bbox 558 4231 755 4317; x_wconf 88' lang='lat' dir='ltr'><strong>oppositione</strong></span> <span class='ocrx_word' id='word_1_227' title='bbox 786 4232 988 4314; x_wconf 88' lang='lat' dir='ltr'><strong>simplicitatis</strong></span> <span class='ocrx_word' id='word_1_228' title='bbox 1019 4233 1125 4312; x_wconf 87' lang='lat' dir='ltr'><strong>paucis</strong></span> 
     </span>
    </p>
   </div>
   <div class='ocr_carea' id='block_1_4' title="bbox 0 0 1238 4838">
    <p class='ocr_par' dir='ltr' id='par_1_5' title="bbox 0 0 1238 4838">
     <span class='ocr_line' id='line_1_34' title="bbox 0 0 1238 4838; baseline 0 5"><span class='ocrx_word' id='word_1_229' title='bbox 0 0 1238 4838; x_wconf 95' lang='lat' dir='ltr'><strong> </strong></span> 
     </span>
    </p>
   </div>
  </div>
 </body>
</html>
