2468 4838
509 368 515 379 .
648 336 651 343 Ι
1117 362 1125 381 ι

137 612 186 649 uui
543 588 602 650 DF.
626 584 746 653 POESl

137 760 299 826 allectione
320 759 471 844 pectoris,
495 779 597 843 neque
626 757 666 821 ad
693 756 804 841 poesin
832 779 865 821 se
894 748 1046 821 sentiebat
1070 757 1155 819 exci-

136 873 212 950 tari,
243 872 299 936 ubi
320 894 396 936 vero
419 871 549 936 adversa
569 884 711 952 tempora
733 882 836 949 erant,
866 882 896 932 et
917 871 1039 933 clausas
1061 871 1155 945 lares,

136 984 271 1064 dissidia,
290 985 429 1067 perfidia,
453 987 600 1068 superbia
621 986 796 1064 puellarum
812 986 978 1047 obstabant
994 980 1157 1046 desideriis

136 1098 209 1178 suis,
230 1111 303 1160 tunc
322 1098 459 1160 carmina
480 1119 568 1162 amor
590 1095 729 1175 docebat,
750 1097 778 1159 si
801 1110 906 1178 posset
924 1099 1064 1181 querela,
1083 1119 1157 1179 per·

136 1213 298 1290 suasione,
327 1213 535 1275 obtestatione
563 1212 755 1276 commoveri
775 1212 874 1273 antica
895 1223 927 1273 et
951 1211 1096 1274 revocari
1117 1210 1158 1273 ad

137 1332 252 1391 bonam
276 1328 397 1406 frugem
418 1359 463 1372 -
489 1326 528 1390 ad
551 1327 710 1391 dominam
740 1327 846 1388 laciles
874 1323 976 1409 aditus
1004 1345 1064 1405 per
1091 1342 1159 1385 car-

137 1442 222 1503 mina
243 1460 362 1524 quaero
382 1474 426 1489 -
450 1460 507 1502 nec
532 1461 596 1503 non
621 1440 688 1521 ipse
713 1436 900 1502 sedatiorem
925 1448 1041 1499 statum
1062 1433 1162 1497 aninti

138 1574 326 1635 recuperare
353 1553 453 1629 effuso
483 1555 518 1616 in
544 1557 640 1618 verba
663 1553 782 1618 dolore.
830 1552 977 1617 Vidimus
997 1562 1105 1613 autem
1125 1561 1161 1611 ut

138 1666 309 1748 plurimum
322 1666 478 1732 infelicem
496 1645 679 1732 eumluisse
693 1670 732 1732 in
745 1668 906 1731 amoribus
919 1665 995 1727 suis.
1038 1662 1163 1741 Quodsi
1210 1658 1221 1681 ⁸

141 1782 295 1864 quietam
320 1785 467 1865 proclivis
490 1782 529 1845 ad
550 1782 703 1847 desideria
724 1783 838 1858 mollia,
859 1779 898 1843 ad
919 1778 1069 1843 sublimes
1089 1799 1162 1841 sen·

140 1917 210 1974 sus,
232 1896 271 1962 ad
292 1899 528 1979 imaginationes
550 1900 703 1964 felicitatis
727 1899 931 1981 pulchrioris,
951 1907 988 1958 ut
1007 1894 1164 1970 Tibullus,

142 2024 220 2094 qum
239 2014 364 2094 putabis
385 2025 528 2095 tempora
546 2012 665 2076 doloris
684 2012 839 2089 incidere,
861 2029 957 2094 quam
975 2005 1164 2071 faunum

141 2125 215 2186 huic
238 2124 486 2207 querimoniam!
530 2123 636 2201 Quare
657 2126 748 2189 etiam
773 2124 907 2187 rusticae
934 2122 1017 2186 ritae
1045 2117 1164 2183 deseri·

142 2240 302 2321 ptionibus
338 2252 369 2303 et
406 2240 543 2304 laetioris
579 2241 752 2322 argumenti
784 2237 974 2302 carminibus
1008 2234 1165 2299 immiscet

142 2357 226 2435 lere,
256 2369 292 2420 ut
312 2354 464 2433 vidimus,
495 2357 631 2440 suspiria
656 2369 687 2419 et
708 2355 868 2440 querelae,
895 2373 981 2415 nunc
1001 2352 1165 2416 bonorum

143 2469 328 2531 amireorum
354 2467 552 2548 recordatus,
586 2491 669 2531 nnnc
698 2468 864 2549 agrestium
894 2486 1007 2530 suosve
1035 2463 1165 2530 dolores

143 2582 310 2643 amatorios
331 2578 532 2644 adumbrans.
578 2582 690 2646 Factus
710 2594 775 2644 erat
790 2581 934 2644 Tibullus
950 2581 979 2643 si
995 2580 1068 2663 quis
1081 2580 1164 2643 alius

143 2696 183 2759 ad
203 2697 323 2760 flebiles
343 2695 455 2761 modos
476 2697 609 2778 elegiae:
628 2697 739 2760 intimo
756 2698 861 2760 animo
879 2693 1019 2759 insidens
1036 2695 1165 2759 tristitia

143 2825 173 2874 et
195 2813 350 2874 solicitatis
375 2834 540 2895 nunquam
567 2814 661 2894 plane
682 2814 810 2876 effectae
833 2811 1022 2875 desiderium
1042 2810 1166 2875 indele-

142 2925 205 2986 bile
227 2944 322 3006 quem
342 2943 407 2986 non
429 2926 598 2987 commovit
617 2925 694 2986 haec
715 2926 854 2987 carmina
874 2921 1045 3006 legantem!

226 3037 349 3099 Verum
379 3036 463 3099 enim
491 3058 567 3102 vero
589 3038 615 3099 I.
635 3038 677 3100 H.
697 3038 830 3100 Vossius
855 3036 896 3099 ad
915 3039 1030 3101 multas
1050 3035 1167 3117 elegias

143 3134 321 3212 annotavit:
351 3170 416 3213 non
439 3171 479 3214 ex
506 3151 610 3214 animo
632 3149 748 3213 dixisse
770 3151 949 3227 Tibullum,
979 3170 1046 3213 non
1069 3150 1167 3213 nimis

143 3263 282 3344 urgenda
307 3265 419 3342 verba,
448 3267 547 3329 iocari
574 3278 698 3348 poetam
726 3265 828 3346 specie
851 3277 974 3345 sumpta
994 3263 1167 3344 gravitatis,

142 3378 239 3442 veluti
261 3379 360 3441 iocari
386 3393 492 3441 monet
514 3381 644 3442 Albium
670 3379 705 3440 in
735 3391 825 3441 sexta
849 3378 924 3441 libri
950 3378 1062 3459 primi,
1096 3396 1166 3441 non

143 3491 235 3552 nimis
255 3493 338 3555 sorio
354 3494 445 3576 queri
462 3494 496 3555 in
516 3493 661 3572 secunda,
682 3496 766 3556 etin
789 3507 902 3577 quarta
921 3490 1061 3571 secundi,
1081 3512 1166 3574 quse

142 3626 249 3668 omues
266 3618 330 3669 tam
346 3607 463 3669 alienae
486 3621 559 3671 sunt
580 3631 599 3671 a
621 3613 692 3673 lusu
713 3622 749 3672 ut
770 3610 850 3670 nihil
869 3609 977 3689 magis.
1017 3606 1167 3671 Eundem

142 3743 281 3786 errorem
301 3723 425 3787 iteravit
445 3723 628 3803 Richterus,
656 3725 713 3809 qui
741 3737 813 3806 post
832 3723 983 3787 Vossium
1003 3723 1167 3786 manstulit

141 3836 312 3898 Tibullum.
356 3833 420 3898 Sed
440 3837 520 3898 nihil
539 3850 585 3900 est
604 3824 782 3920 perversius
803 3838 862 3899 hae
884 3838 1048 3920 opinione,
1081 3858 1166 3921 quse

140 3949 204 4008 vim
232 3947 448 4011 admirabilem
474 3951 590 4013 horum
618 3949 792 4012 carminum
820 3951 914 4031 plane
938 3949 1072 4029 frangit,
1102 3970 1166 4032 pro

140 4065 253 4124 affectu
274 4066 387 4143 lusum,
409 4085 469 4147 pro
491 4064 601 4129 dolore
623 4066 728 4129 iocum
750 4077 785 4126 ut
803 4066 892 4127 lubet
916 4065 1110 4127 substituens
1130 4066 1167 4127 in

140 4173 188 4233 uis
217 4177 392 4255 amoribus,
422 4179 538 4261 quibus
561 4179 639 4240 nihil
660 4177 828 4256 sincerius,
857 4177 990 4240 interius
1015 4176 1077 4240 fuit
1102 4197 1166 4239 tm·

142 4308 245 4367 «utam.
298 4289 378 4354 illud
406 4306 506 4357 tamen
534 4294 663 4374 largiar,
690 4296 717 4356 si
743 4295 813 4377 quis
835 4295 973 4357 carmina
995 4293 1035 4356 ad
1056 4294 1167 4358 Mara·
