2468 4838
145 659 213 701 xxu
564 632 622 695 DE
644 629 748 693 bl'l'rl

147 822 209 873 tate
237 811 427 890 syllabarum
453 828 528 871 vero
552 827 612 891 pnr
639 818 735 886 esset;
765 821 797 870 at
823 804 917 869 alium
942 818 1066 888 poetam
1092 804 1170 888 quid

149 926 278 1006 cogebat
308 922 392 985 idem
421 922 538 999 lacere,
575 919 653 1006 quid
682 922 811 1000 cogebat
838 922 1004 984 Horatium
1032 920 1171 1001 puellam

149 1038 268 1103 Tibulli
293 1038 434 1100 similiter
457 1036 511 1099 tali
536 1035 664 1097 nomine
690 1034 866 1115 designare,
898 1033 984 1118 quod
1011 1054 1088 1097 sero
1113 1053 1172 1115 par

150 1166 229 1218 esset
259 1152 433 1237 ‹ptantitnte
461 1144 676 1233 syllabarum?
719 1147 771 1211 Sic
796 1147 891 1228 igitur
914 1148 1035 1229 possint
1056 1146 1170 1207 nibilo-

150 1274 255 1336 minus
277 1268 411 1352 Glycera
440 1279 471 1329 et
498 1264 640 1329 Nemesis
669 1263 777 1327 eadem
804 1267 911 1347 puella
938 1284 1016 1326 esse.
1067 1262 1171 1339 Quare

151 1409 235 1451 nunc
266 1382 378 1448 addam
405 1382 466 1444 alia
495 1401 576 1463 quae
606 1381 740 1442 obstant.
782 1380 879 1442 Recte
908 1389 1060 1443 notarunt
1086 1380 1172 1460 Hey-

152 1507 239 1578 rrius,
266 1496 531 1562 Mitscberliclrius
551 1494 592 1558 ad
612 1495 794 1573 Horatium,
821 1507 852 1558 et
876 1493 1036 1577 Spohnius
1058 1516 1090 1576 p.
1113 1497 1173 1570 ts,

152 1620 186 1679 in
216 1614 344 1681 Nontesi
374 1612 537 1677 avaritiam
571 1609 745 1694 deplorari,
780 1612 814 1674 in
840 1611 975 1694 Glycera
1002 1609 1174 1693 perfidiam,

154 1730 240 1816 quod
263 1726 429 1793 discrimen
448 1729 573 1809 gravius
596 1741 641 1791 est
663 1748 759 1812 quam
774 1730 923 1791 Passovio
940 1728 1051 1791 visum.
1094 1726 1174 1787 Lae-

154 1868 221 1909 sam
246 1842 342 1908 fidem
368 1844 402 1906 in
426 1846 614 1908 carminibus
643 1843 681 1907 ad
705 1844 863 1907 Nemesim
890 1862 1046 1926 necsquam
1070 1844 1176 1925 queri·

66 2032 74 2045 ‚
154 1973 208 2022 tur
229 1970 339 2041 poeta,
368 1977 425 2020 nec
452 1958 557 2020 lostam
585 1958 632 2019 ibi
661 1959 779 2020 habere
806 1970 910 2039 potest
937 1958 1014 2019 haec
1040 1958 1177 2039 querela,

157 2095 228 2137 cum
246 2074 389 2137 Nemesis
412 2075 564 2137 meretrix
588 2087 668 2139 esset
694 2094 759 2135 non
786 2076 844 2136 asni
865 2074 993 2135 Tibullo
1020 2072 1178 2148 obstricta,

156 2185 209 2248 sed
240 2185 403 2250 admittens
433 2188 489 2271 qui
519 2187 591 2249 satis
620 2207 787 2249 munerum
815 2199 845 2248 et
866 2187 1016 2269 pecuniae
1040 2186 1179 2260 offerret,

156 2323 213 2365 nec
237 2302 376 2384 posbdat
401 2314 495 2384 poeta
521 2323 655 2387 usquam
682 2315 718 2364 ut
742 2302 802 2364 sibi
829 2304 888 2364 soli
912 2299 1015 2365 dedita
1039 2303 1095 2379 sit,
1124 2300 1179 2364 sed

158 2439 197 2479 ne
219 2429 282 2479 tam
304 2437 395 2498 saepe
418 2416 574 2479 excludat.
617 2420 658 2479 At
680 2438 751 2479 cum
774 2417 908 2498 Glycera
929 2416 1044 2478 arctius
1066 2413 1178 2478 foedus

156 2533 304 2593 iunxerat
326 2528 441 2606 credo„
464 2533 562 2594 veluti
581 2533 657 2594 olim
682 2553 753 2593 eum
774 2531 882 2606 Delia,
911 2542 943 2592 et
962 2529 1056 2593 sidem
1079 2534 1118 2593 ab
1142 2553 1178 2593 ea

156 2645 335 2725 postulabat
357 2644 622 2728 quemadmodum
642 2671 660 2710 a
683 2648 793 2722 Delia,
817 2645 871 2708 sed
892 2648 1051 2729 placuerat
1073 2649 1179 2709 iunior

157 2756 303 2844 quidam,
334 2780 404 2821 cum
423 2759 565 2823 Nemesis
589 2759 716 2824 ditiores
737 2761 918 2841 praeferret.
968 2762 1037 2822 Hoc
1068 2781 1179 2824 verum

157 2871 324 2934 discrimen
356 2885 416 2948 est,
448 2870 535 2955 quod
564 2874 651 2935 nulla
677 2873 935 2953 interpretatione
965 2870 1078 2934 deleas.
1139 2874 1180 2933 At

158 2987 241 3049 euim
264 2984 380 3062 dicunt,
401 2983 478 3049 diras
498 2998 619 3048 tantum
639 2988 759 3068 puellas
776 3008 795 3047 n
809 2986 935 3049 Tibullo
951 2999 1066 3051 amatas
1083 3006 1180 3066 agno·

158 3102 202 3162 sci
224 3097 339 3164 Ovidio
362 3100 487 3162 Amorr.
504 3082 558 3177 Ill,
585 3104 623 3164 9:

289 3212 341 3277 Sic
364 3212 508 3278 Nemesis
528 3214 672 3294 longum,
694 3214 737 3276 sic
759 3214 853 3277 Delia
873 3235 989 3277 nomen
1009 3213 1180 3287 habebam,

375 3328 483 3389 Altera
504 3348 578 3391 cura
599 3346 725 3401 recens,
752 3328 849 3390 altera
869 3329 990 3409 primus
1008 3346 1115 3387 emor:

160 3459 226 3501 asse
255 3440 351 3519 igitur
376 3460 517 3517 necesse,
551 3453 588 3503 ut
616 3441 749 3523 Glycera
776 3443 927 3504 alterutra
954 3441 1059 3502 suerit.
1113 3442 1181 3519 Ego

108 3610 111 3615 .
161 3553 321 3636 quomodo
351 3550 456 3618 Ovidii
480 3557 577 3619 verba
608 3568 654 3619 tot
681 3556 757 3619 viris
781 3554 879 3620 doctis
905 3555 1048 3618 fraudem
1078 3555 1181 3617 iacere

159 3669 337 3751 potuerint,
365 3689 528 3752 nunquam
551 3671 723 3750 intelligere
742 3670 842 3751 potui.
890 3666 1022 3733 Ovidius
1029 3714 1038 3746 ,
1067 3680 1103 3731 ut
1124 3690 1182 3750 par

161 3795 237 3860 erat,
256 3784 335 3845 edric
353 3803 442 3865 opero
466 3784 566 3845 Tibulli
582 3783 775 3864 respiciebat,
796 3785 831 3846 in
852 3785 968 3867 quibus
989 3782 1070 3846 duae
1095 3802 1182 3845 com·

159 3910 272 3977 parent
293 3911 429 3975 amatae,
455 3916 527 3959 nam
551 3897 678 3959 tertium
700 3898 817 3960 librum
836 3895 923 3961 barad
945 3894 1040 3961 dubie
1065 3896 1183 3960 sciebat

160 4029 226 4072 non
249 4030 315 4073 csse
337 4015 465 4078 Tibulli.
516 4014 642 4077 Durant
671 4017 809 4079 carmina
831 4027 1016 4097 poetarum,
1048 4015 1107 4088 ait,
1139 4015 1182 4074 sic

159 4123 304 4189 Nemesis
326 4131 463 4195 etDelia
480 4151 597 4195 nonren
623 4133 795 4197 habebunt.
838 4132 934 4195 Dicas
956 4128 1084 4215 quidem
1107 4131 1184 4211 Epi·

162 4240 285 4306 cedium
306 4244 456 4326 scriptum
476 4268 547 4311 eum
565 4250 750 4332 sepeliretur
764 4249 909 4311 Tibullus
926 4259 957 4309 et
973 4256 1045 4309 ante
1064 4243 1184 4307 editum

163 4359 247 4420 Albii
266 4359 381 4424 librum
404 4361 584 4440 secttndnm,
602 4363 659 4446 qui
679 4373 859 4444 postumum
881 4358 935 4422 sed
956 4360 1021 4421 sive
1037 4369 1106 4421 tum
1122 4371 1184 4420 sta·
