2468 4838
492 621 676 690 TlBULIaI·
1025 650 1095 691 cunr

68 783 102 845 in
130 781 372 849 Commentario
403 783 567 853 docuimus
598 793 741 855 consulto
772 790 813 855 ad
842 814 942 856 unum
967 793 1092 855 titulum

67 896 211 979 praefixo
242 901 405 963 connnuni
428 903 619 982 pronomine
644 906 730 967 Haec
758 917 958 985 revocatum,
989 918 1024 968 nt
1051 906 1095 969 sic

67 1025 250 1095 opponatur
267 1012 463 1077 antecedenti
480 1014 630 1098 disticho;
648 1018 793 1100 repetitio
811 1021 1009 1100 pronominis
1024 1031 1096 1081 ante

65 1129 161 1208 tepido
190 1127 337 1189 turbaret
364 1149 477 1192 verum
505 1150 643 1197 sensum.
694 1128 789 1207 Quod
813 1133 907 1211 igitur
932 1131 1096 1205 Wunder,

66 1240 182 1303 lichins
203 1241 277 1301 hoec
300 1238 450 1303 omissum
476 1255 582 1307 censet
610 1256 681 1304 ante
704 1245 814 1327 tepido,
842 1245 877 1305 in
899 1265 937 1306 eo
961 1246 1096 1323 fallitur3

67 1351 131 1412 alio
161 1351 197 1411 in
225 1354 297 1414 loco
328 1349 426 1417 dividi
457 1368 564 1436 posset
594 1357 656 1419 hoc
684 1355 779 1419 modo
807 1353 981 1434 distichon,
1012 1379 1096 1420 nunc

68 1475 177 1525 autem
198 1482 264 1525 nou
285 1477 407 1547 potest,
431 1487 498 1531 non
516 1466 635 1532 debuit.
653 1510 656 1515 -
677 1467 759 1532 Vide
778 1491 863 1533 nnnc
881 1471 976 1533 alium
992 1473 1095 1533 locum

67 1576 101 1655 1,
122 1585 153 1655 7,
174 1581 217 1636 29
237 1596 327 1661 sqq:

154 1689 283 1754 Primus
304 1703 408 1753 arana
428 1712 525 1754 manu
550 1693 669 1757 sollerti
692 1694 764 1757 iecit
786 1688 887 1757 Osiris

197 1803 240 1867 Et
262 1816 403 1868 teneram
430 1807 516 1867 ierro
537 1806 715 1872 sollicitavit
734 1808 884 1887 humum,

154 1916 281 1980 Primus
304 1918 489 2002 inexpertae
508 1922 661 1984 commisit
681 1921 801 1983 semina
820 1934 922 1991 terras

198 2033 361 2116 Pomaque
384 2055 450 2097 non
472 2035 556 2097 notis
578 2034 650 2115 legit
672 2036 711 2096 ab
735 2034 914 2097 arboribus.

70 2142 131 2206 llic
150 2165 212 2226 per
233 2166 267 2208 se
287 2158 413 2227 poterat
434 2160 559 2231 quatter
578 2148 797 2230 pomptinae,
823 2160 859 2210 nt
877 2148 902 2227 1,
922 2149 1097 2227 9‚31-34.

74 2269 228 2338 quattuor
250 2260 294 2319 sic
316 2256 415 2322 divisa
436 2261 578 2321 membra
599 2258 696 2322 vides.
738 2258 800 2322 Sed
819 2260 883 2321 illic
903 2273 1044 2341 optares
1063 2261 1096 2320 in

74 2369 295 2450 obiurgatione
315 2372 511 2452 gravissima,
532 2375 627 2453 vulgo
650 2383 768 2450 autem,
794 2374 851 2435 ubi
871 2376 969 2434 multa
989 2394 1097 2435 recen-

73 2494 196 2560 sentur,
230 2495 267 2546 ut
291 2506 375 2547 nunc
402 2499 476 2548 sunt
497 2481 630 2550 Osiridis
653 2484 779 2565 landes,
809 2498 947 2570 praestat
977 2487 1098 2564 singula

74 2595 189 2658 metius
216 2598 403 2660 contrahere
425 2599 460 2660 in
484 2599 618 2662 unitates
644 2600 790 2662 maiores.
840 2598 891 2662 Sic
920 2620 1000 2682 quoe
1030 2597 1098 2661 aliis

73 2709 105 2771 in
127 2711 207 2774 locis
234 2712 347 2776 lortius
374 2712 509 2795 disiungi
535 2725 666 2795 possunt
689 2714 821 2797 repetita
845 2716 1023 2795 anaphora,
1054 2727 1100 2777 ost

74 2824 129 2885 nbi
159 2826 274 2887 melius
308 2826 540 2906 coniungantur
567 2829 690 2908 copula.
751 2825 839 2904 Quae
867 2848 919 2889 res
948 2824 1099 2889 iudicium

75 2951 256 3000 accuratum
284 2942 432 3021 postulat.
485 2939 570 3003 Haec
599 2942 760 3004 hactenus.
781 2972 825 2986 -
876 2942 1023 3003 Postremo
1052 2939 1100 3000 di·

75 3052 202 3132 stinguo
231 3070 285 3114 cos
314 3053 417 3130 locos,
447 3054 505 3114 nbi
532 3054 661 3115 omnino
690 3075 755 3116 non
782 3056 854 3116 licet
882 3076 941 3136 per
967 3054 1098 3132 logicam

73 3179 221 3249 repetere
243 3164 454 3247 anaphoram,
479 3187 549 3227 cnm
570 3163 694 3228 diversa
713 3166 753 3228 sit
772 3166 854 3229 ratio
876 3169 1100 3241 membrorum,

76 3291 111 3342 ut
133 3279 168 3356 Ι,
188 3284 228 3356 2,
249 3284 301 3341 22.
324 3278 394 3342 loco
418 3299 514 3361 supra
536 3280 649 3342 allatos

162 3392 222 3455 llla
243 3390 313 3456 viro
334 3411 440 3455 coram
466 3406 562 3454 nutus
584 3392 726 3454 conferre
746 3391 894 3472 loquaces

203 3501 390 3588 Blandaque
412 3506 591 3588 compositis
618 3501 733 3566 abdere
755 3504 853 3567 verba
873 3498 967 3565 notis.

76 3615 141 3679 Ant
167 3618 200 3693 1,
219 3624 260 3693 ,6,
281 3623 344 3679 22:

160 3729 236 3791 Neu
261 3742 293 3791 te
317 3726 452 3811 decipiat
477 3740 573 3803 nutu,
603 3726 763 3813 digitoque
789 3728 946 3810 liquorem

207 3840 258 3903 Ne
283 3843 387 3903 trahat
411 3853 441 3904 et
467 3862 592 3904 mensae
618 3839 711 3904 ducat
736 3843 771 3903 in
795 3842 872 3901 orbe
899 3848 1006 3910 notas,

79 3955 135 4017 ubi
157 3975 226 4019 non
246 3956 449 4018 continuatur
468 3953 579 4018 divisio
598 3976 707 4017 rernm
726 3955 825 4033 logica
846 3951 885 4013 ad
908 3952 1019 4024 finem,
1048 3948 1101 4009 sod

79 4066 191 4130 ultimo
218 4068 362 4129 membro
388 4066 575 4130 antecedens
599 4066 753 4128 sententia
775 4065 843 4126 aliis
869 4063 973 4127 verbis
997 4058 1103 4122 reddi·

82 4190 143 4243 tur.
192 4179 261 4243 lam
283 4177 422 4243 diximus
442 4192 595 4262 qnantum
619 4177 751 4242 satisde
774 4179 952 4272 biarchus.
994 4172 1102 4236 Redeo

82 4294 115 4353 in
140 4292 234 4357 viam.
277 4291 386 4355 Utitur
405 4293 564 4368 Tibullus,
586 4304 620 4355 ut
642 4291 723 4367 dixi,
748 4291 908 4372 anaphora
924 4291 958 4353 in
977 4288 1103 4354 divisio-
