2468 4838
102 604 171 645 aas
520 583 577 643 DE
600 583 701 644 vth

100 756 330 825 incommodam
352 779 433 836 esse,
464 780 544 842 quae
565 761 645 821 bene
667 759 770 840 posita
789 760 823 820 in
844 758 956 823 tradita
976 760 1119 824 lectione.

101 879 248 944 Ceterum
262 878 355 941 etiam
375 879 575 960 Ayrmanaus
597 877 673 941 olim
693 881 773 938 cessit
793 878 984 959 reponebat,
1003 877 1120 939 intelli-

99 1016 177 1082 gens
197 1017 271 1059 ann.
295 997 366 1059 urb.
387 1016 413 1057 c.
438 1002 510 1057 705.
535 993 590 1056 ubi
612 991 647 1058 C.
670 991 820 1057 Claudius
839 994 1009 1058 Marcellus
1030 1006 1062 1056 et
1082 994 1120 1057 L.

100 1110 266 1174 Cornelius
296 1109 451 1171 Lentadus
482 1104 571 1170 Coss.
605 1107 879 1191 appropinquante
912 1107 1046 1172 Caesare
1080 1130 1122 1173 ex

99 1227 179 1289 urbe
201 1235 232 1287 et
252 1224 342 1287 ltalia
363 1244 435 1287 eum
453 1223 604 1305 Pompeio
596 1236 802 1463 &nuum
832 1222 887 1286 sed
908 1226 993 1286 hunc
1016 1224 1121 1306 Spah-

99 1341 170 1403 nius
189 1339 340 1402 refutavit
360 1350 390 1399 et
410 1338 586 1403 Passovins.
723 1358 854 1422 squam
878 1342 1059 1420 ambiguum
1081 1343 1121 1404 sit

98 1476 129 1519 v.
147 1458 237 1516 cessit.
279 1449 403 1513 Deinde
422 1449 560 1529 Oebeke,
582 1465 616 1514 ut
636 1452 779 1518 ostendat
799 1459 839 1520 ab
852 1456 979 1521 Tibullo
994 1455 1122 1540 Lygda-

101 1589 188 1631 mum
210 1588 410 1649 expreesum‚
435 1569 551 1631 multos
571 1569 657 1632 locos
685 1571 824 1650 confert,
855 1593 992 1656 quorum
1019 1593 1120 1637 unum

101 1683 281 1765 exemplum
303 1699 470 1765 apponam.
513 1684 599 1747 Dicit
618 1684 797 1768 Lygdamus
818 1688 873 1766 111,
900 1693 928 1766 1,
951 1696 988 1750 7:

227 1795 373 1859 Carmine
397 1798 569 1878 formosae,
591 1800 693 1882 pretio
715 1800 881 1883 capiuntur
902 1822 1033 1867 avaraee

314 1910 456 1974 Gaudeat
475 1925 510 1974 ut
535 1911 627 1993 digna
647 1927 694 1977 est
713 1914 855 1978 versibus
876 1916 931 1976 illa
953 1917 1043 1979 meis.

99 2029 169 2090 Huc
188 2027 364 2110 respexisse
384 2029 545 2090 Tibullum
567 2031 592 2106 1,
612 2032 642 2107 4,
661 2035 713 2093 61.
734 2037 785 2094 62.
806 2032 864 2094 ubi
888 2031 1037 2111 legimus:

227 2139 366 2204 Pieridas
386 2141 478 2224 pueri
499 2137 607 2204 doctos
630 2155 660 2204 et
684 2156 783 2205 amate
804 2155 922 2225 poetas,

310 2259 414 2319 Aurea
437 2277 496 2319 nec
519 2271 669 2345 superent
688 2278 821 2321 munera
841 2256 991 2322 Pieridas.

99 2371 246 2435 Eiusdem
270 2370 392 2451 generis
413 2383 488 2433 sunt
510 2372 588 2433 aliae
616 2373 864 2453 comparationes
882 2376 1019 2449 multae,
1050 2373 1121 2455 qui·

28 2459 32 2469 Ι
99 2493 159 2552 bus
178 2485 331 2568 Lygdami
360 2487 450 2569 quasi
477 2489 596 2549 semina
624 2500 655 2548 et
675 2487 841 2549 simulacra
862 2489 897 2547 in
927 2485 1043 2552 Ovidio
1065 2485 1120 2550 de·

99 2602 253 2685 prehendi
273 2604 409 2686 probare
434 2604 517 2679 vaalt,
542 2603 642 2667 veluti
665 2623 737 2665 cum
759 2600 939 2685 Lygdamus
961 2601 1045 2665 dicat
1066 2605 1120 2680 111,

100 2728 130 2798 2,
152 2728 189 2784 5:

226 2830 301 2894 Non
321 2851 377 2911 ego
399 2832 507 2893 firmus
528 2834 561 2892 in
582 2833 651 2908 hoc,
671 2852 737 2894 non
755 2834 832 2895 haec
847 2833 997 2916 patientia
1010 2847 1121 2898 nostro

66 3030 68 3034 ,
312 2946 461 3024 Ingenio:
481 2946 595 3026 frangit
616 2948 709 3010 lortia
731 2946 827 3010 corda
847 2946 947 3024 dolor,

97 3059 170 3121 hinc
190 3059 346 3120 lucratum
369 3055 517 3124 Ovidium
539 3060 573 3121 in
589 3059 714 3123 Amore.
735 3062 790 3138 lll,
814 3066 862 3139 11,
887 3068 916 3123 1.
938 3069 977 3124 2:

226 3173 329 3235 Multa
350 3172 469 3257 diuque
489 3175 566 3237 tuli:
586 3177 668 3239 vitiis
690 3178 839 3258 patientia
862 3178 944 3240 victa
963 3190 1020 3239 est.

313 3284 397 3348 Cede
418 3288 544 3368 fatigato
569 3301 710 3370 pectore,
732 3292 831 3373 turpis
851 3293 960 3355 Amor.
1060 3332 1064 3341 -

98 3395 194 3461 Vides
213 3399 318 3460 vuum
339 3398 465 3462 doctum
485 3401 611 3464 inanem
634 3424 762 3484 operam
785 3405 1031 3485 consumpsisse,
1064 3426 1119 3468 cu·

98 3509 202 3591 pidius
233 3532 328 3594 quam
357 3514 472 3575 rectius
501 3531 734 3599 comparantem
760 3540 840 3602 quae
870 3521 914 3581 sic
943 3522 1120 3601 comparari

99 3644 163 3685 non
185 3637 326 3706 possunt.
368 3625 468 3690 Porro
492 3649 563 3692 cum
578 3629 757 3714 Lygdamus
777 3634 940 3714 religiosus
963 3632 1046 3696 dicat
1065 3636 1120 3711 Ill,

100 3744 129 3816 ⁵,
154 3747 184 3802 7.
210 3746 246 3802 8:

224 3853 298 3919 Non
322 3875 379 3935 ego
400 3855 520 3921 tentavi
537 3860 617 3921 nulli
637 3861 819 3924 temeranda
839 3862 982 3926 virorum

309 3968 425 4033 Audax
444 3970 619 4036 laudandae
641 3998 730 4038 sacra
750 3973 862 4040 docere
882 3976 967 4054 deae,

99 4082 242 4147 Tibullus
264 4098 367 4150 autem
388 4090 413 4167 1,
437 4093 466 4166 6,
490 4096 529 4151 21
554 4112 641 4174 sqq.:

227 4199 334 4263 Exibit
356 4223 451 4285 quam
473 4223 565 4286 saepe
586 4207 670 4281 time,
693 4226 750 4268 seu
770 4205 873 4268 visere
894 4203 977 4268 dicet

310 4315 404 4383 Sacra
425 4321 532 4383 Bonae
554 4321 692 4383 maribus
714 4341 780 4383 non
801 4319 945 4384 adeunda
967 4319 1054 4385 deae.
