2468 4838
488 386 493 393 .

535 574 719 645 Tffltttnt.
1077 610 1141 650 itu

105 741 193 803 thum
226 740 470 826 quodammodo
502 748 646 832 excipiat.
698 751 782 817 Nam
809 752 871 820 boc
902 777 1018 839 genua,
1052 760 1139 845 quod

105 856 214 937 poeria
228 858 396 941 aeripum,
418 861 543 927 credam
563 886 656 931 auum
677 868 737 933 cibi
756 874 921 955 proprium
941 896 1062 940 morem
1082 879 1139 940 lra-

107 970 232 1051 buiaae3
267 986 307 1035 ut
333 975 493 1039 lasciviam
521 979 618 1042 habet
646 982 708 1044 eibi
734 987 914 1068 propriam,
944 1008 1015 1052 curn
1043 992 1139 1072 vulgo

108 1213 212 1282 poteet
237 1201 290 1264 nte
318 1215 385 1265 arte
411 1206 628 1272 vehementior
648 1200 751 1273 abeo
772 1232 940 1294 expromat
962 1234 1057 1297 quam
1077 1236 1137 1296 pro

109 1336 199 1380 vero.
238 1319 345 1402 Atque
365 1334 464 1385 artem
484 1321 592 1405 prodit
613 1324 706 1389 etiam
728 1322 881 1408 elegantia
894 1350 1007 1410 magna
1021 1306 1158 1395 horum*

110 1434 296 1498 ωωίιιιιω.
336 1434 458 1520 Nempe
485 1458 659 1521 puerorum
688 1461 778 1504 amor
804 1456 973 1526 postquam
997 1464 1015 1507 a
1036 1444 1137 1507 Grae·

108 1548 159 1611 cia
177 1544 223 1613 ad
240 1549 403 1614 Romanoa
428 1555 595 1619 uanalatua
622 1566 704 1634 erat,
734 1556 784 1619 uei
813 1557 906 1623 etiam
935 1568 1046 1640 poetae
1075 1562 1134 1623 hac

108 1684 146 1727 re
174 1677 250 1729 aunt
277 1664 317 1728 ad
345 1667 434 1730 laeua
463 1671 618 1749 elegantes
645 1671 767 1734 Mutae.
813 1671 907 1735 Nunc
935 1674 1060 1736 inanitio
1088 1686 1136 1738 eat

107 1780 269 1844 formosae
283 1781 413 1867 qnidam
428 1805 508 1867 puer
525 1787 767 1866 amatori,'nunc
782 1788 822 1850 ab
836 1789 899 1852 alio
912 1791 1134 1872 corrumpitur,

107 1915 195 1958 nunc
216 1918 236 1959 a
255 1895 405 1959 Matina
432 1899 582 1979 allicitur,
611 1911 678 1962 tum
704 1902 840 1982 auperbe
867 1902 1019 1982 habetur,
1047 1916 1079 1965 et
1107 1903 1133 1966 ai

108 2018 173 2093 qua'
194 2012 257 2074 alia
274 2012 357 2083 rado
379 2025 527 2077 ornatum
547 2013 739 2079 admittebat.
785 2015 948 2096 Tibullus,
976 2039 1036 2100 pro
1058 2020 1132 2081 aiar-

106 2125 245 2208 plicitata
272 2146 332 2190 aua
358 2128 479 2191 alianae
503 2130 531 2192 ai
553 2128 624 2212 quia
653 2129 733 2192 aliua
762 2131 803 2193 ab
830 2131 918 2195 inani
946 2133 1036 2209 lucu,
1067 2154 1133 2194 non

107 2239 212 2322 potnit
236 2241 331 2321 plano
359 2240 432 2304 ficta
460 2254 635 2304 commenta
656 2262 786 2320 canere,
815 2240 870 2304 aed
892 2244 1007 2306 amavit
1026 2242 1134 2306 Mara·

107 2353 199 2415 tltam
218 2364 250 2415 et
271 2353 388 2417 amavit
412 2352 526 2431 calida,
556 2366 592 2417 ut
622 2366 689 2416 erat
716 2355 876 2434 ingenium
909 2366 1020 2433 tttum;
1060 2374 1132 2417 cum

105 2480 212 2531 tamen
233 2480 347 2530 neutra
367 2467 503 2531 maxime
526 2466 566 2530 ad
594 2469 772 2549 puellarum
802 2488 924 2530 amores
953 2468 1053 2531 iactus
1083 2489 1133 2530 ee-

106 2593 171 2658 aet,
198 2581 331 2645 torturae
358 2592 425 2643 arte
453 2582 574 2642 coloret
595 2582 702 2661 paullo
723 2580 880 2642 fortiores·
890 2581 978 2645 illati.
1027 2582 1132 2663 Atque

105 2694 184 2756 haar
205 2692 334 2777 qtridem
355 2691 395 2756 de
412 2693 472 2755 hie.
513 2694 679 2756 Praeterea
698 2705 838 2769 exarant,
860 2704 897 2754 ut
916 2712 976 2773 par
997 2705 1059 2771 eat,
1080 2694 1132 2754 hic

104 2805 171 2867 illie
191 2807 285 2868 etiam
309 2807 345 2868 in
367 2805 476 2871 cetaria
497 2806 687 2868 carminibus
709 2803 838 2868 artificia
858 2807 981 2888 poetica
1002 2819 1034 2868 et
1053 2807 1131 2887 figu-

105 2940 162 2983 rae
181 2918 317 3000 dicandi,
338 2896 418 3003 qamt
439 2940 503 2982 non
526 2917 649 2982 dubitet
671 2917 775 2982 dedita
797 2939 894 3000 opera
914 2920 1041 3000 poeitae,
1064 2938 1131 2980 non

105 3047 211 3097 umen
231 3032 356 3097 lucibus
377 3031 491 3095 iocoaia
511 3031 682 3110 inservire,
703 3027 760 3092 aed
781 3032 862 3093 aerio
885 3033 999 3092 affectu
1019 3030 1133 3091 inferri

105 3160 139 3211 et
158 3169 286 3228 gravam
305 3168 434 3212 centina
459 3149 622 3210 continere
649 3145 767 3211 ridear.
819 3143 982 3221 Quaedam
1012 3166 1053 3207 cx
1080 3146 1131 3208 hia

104 3261 210 3323 atatim
229 3261 265 3322 ia
292 3261 437 3343 sequenti
465 3261 566 3342 capite
597 3258 821 3336 considerabo,
851 3258 912 3320 alia
939 3259 1007 3320 aliia
1035 3259 1131 3338 locie3

104 3372 148 3435 ad
167 3374 349 3437 univmam
371 3385 475 3436 autem
496 3374 712 3436 tractationem
729 3392 837 3434 rerum
854 3371 934 3433 nihil
948 3370 1131 3434 huiuamodi

104 3490 253 3569 pertinet,
273 3501 311 3551 ut
331 3489 431 3569 poesia
453 3489 533 3551 male
554 3488 710 3550 intellecta
730 3509 765 3550 re
787 3489 874 3550 abuti
895 3487 1014 3553 adalia
1031 3492 1130 3551 multa

105 3625 195 3668 aecus
216 3603 465 3688 interpretanda.
509 3606 673 3667 Postremo
690 3604 752 3666 ioci
768 3603 889 3666 ironica
904 3604 1045 3667 hilariter
1064 3625 1129 3665 non

106 3722 193 3783 abeat
213 3720 345 3804 qtridem
367 3742 386 3782 a
407 3720 545 3799 Tibullo,
566 3718 622 3783 aad
643 3721 770 3782 nonniei
790 3720 825 3782 in
848 3720 976 3798 cingulis
999 3719 1129 3800 ‹faribus-

106 3832 177 3895 dam
195 3833 275 3897 locia
295 3834 473 3916 reperitur,
493 3832 592 3897 veluti
612 3835 637 3911 1,
659 3840 689 3911 8,
713 3839 750 3894 71
776 3853 846 3914 sqq.
868 3833 907 3909 ll,
932 3837 960 3906 1,
983 3837 1050 3908 61„
1072 3852 1129 3894 nac

106 3922 226 4026 nrtrltie3
246 3966 316 4008 non
335 3946 462 4027 reperio
485 3943 572 4028 quod
591 3942 759 4005 Paldamua
779 3945 804 4021 1,
826 3950 857 4020 2,
879 3947 932 4005 55.
956 3948 985 4021 6,
1005 3944 1057 4005 47.
1076 3947 1128 4004 56.

103 4062 209 4142 Vulgo
237 4024 324 4124 aeria
355 4072 421 4123 tota
448 4063 526 4147 liaeo
554 4059 670 4141 poeria.
726 4059 772 4119 Ac
800 4056 933 4119 Voaeiua
964 4077 1128 4139 perperam

105 4179 189 4239 laxa-
205 4175 469 4257 interpretatione
498 4176 597 4238 multa
627 4172 667 4236 ad
694 4175 779 4236 leves
808 4171 974 4234 sententiae
1003 4181 1129 4233 revocat

104 4291 139 4350 in
159 4289 208 4352 hia
230 4288 434 4364 carminibus,
457 4309 495 4349 nc
519 4286 595 4368 qttid
617 4289 740 4366 grauiam
756 4284 891 4363 dicatum
913 4298 1040 4347 lavero
1058 4305 1128 4346 cum
