2468 4838
534 469 716 536 TIBULLI.
1038 495 1140 538 xxxin

104 669 267 733 repugno,
300 648 329 711 si
357 646 449 711 malis
478 659 640 712 auctorem
664 647 739 713 libri
758 649 865 732 ipsum
887 670 920 713 sa
941 648 1139 734 Lygdamum

106 767 307 840 nominasse,
349 761 438 846 quod
469 783 587 825 nomen
617 763 814 832 commodum
841 769 1008 832 retinuerit
1036 767 1138 833 editor

104 896 236 965 propter
259 902 373 943 causas
395 879 580 959 significatas
601 880 662 942 hoc
683 899 795 959 sensu,
822 902 916 964 quem
937 881 1013 947 dixi.
1056 885 1138 950 Satis

108 999 145 1061 de
164 1000 227 1063 bis.
248 1031 297 1045 —
325 997 365 1057 ln
396 997 501 1077 quarti
528 997 604 1057 libri
631 996 723 1057 initio
754 995 855 1059 editor
880 1001 985 1079 posuit
1012 1021 1137 1062 carmen

109 1114 147 1177 sd
167 1114 342 1175 Messalam
362 1113 618 1190 graussatorium,
651 1109 738 1192 quod
761 1132 832 1174 cum
853 1115 921 1175 aliis
943 1113 1060 1193 etipse
1082 1117 1137 1176 ab·

109 1229 211 1293 iudico
233 1227 383 1303 Tibullo,
413 1237 450 1287 ut
478 1216 603 1287 abunde
633 1226 812 1305 expositum
840 1224 961 1289 videbis
982 1229 1137 1290 inintro-

111 1344 258 1408 ductione
281 1340 322 1403 ad
345 1343 586 1421 explicationem
608 1341 763 1405 carminis.
805 1342 868 1404 Sed
890 1357 937 1407 est
955 1347 1040 1409 illius
1058 1359 1137 1409 tem·

109 1460 206 1539 poris,
230 1476 297 1519 non
319 1456 446 1518 serioris
462 1456 540 1533 aevi,
563 1461 650 1519 cuiue
671 1461 758 1519 nulla
780 1472 863 1523 certa
883 1463 1011 1542 vestigia
1031 1463 1135 1542 habet,

112 1592 168 1633 nec
190 1567 288 1633 credo
310 1565 461 1651 quartum
482 1570 615 1645 librum,
647 1591 742 1652 quam
761 1572 857 1635 habet
877 1574 1027 1650 forman,
1058 1579 1134 1638 ali-

111 1688 226 1749 brariis
247 1685 420 1765 accepisse,
445 1683 500 1748 sed
522 1707 541 1747 a
561 1687 720 1767 primitivo
743 1684 873 1750 editore.
916 1688 1134 1767 sentiebatis,

110 1800 238 1882 opinor,
259 1796 471 1862 diversitatem
492 1803 575 1878 artis,
597 1801 652 1864 sed
673 1823 744 1866 eum
764 1803 969 1865 fundamenta
991 1806 1136 1869 carminis

110 1933 179 1975 non
199 1913 304 1991 mala,
334 1913 366 1974 h.
388 1933 417 1974 e.
449 1911 633 1976 divisionem
660 1935 768 1978 rerum
796 1919 911 1979 claram
933 1929 964 1978 et
983 1917 1137 1997 magnifici

109 2029 171 2090 riri
199 2024 291 2090 laudi
317 2025 581 2090 accommodatam
607 2027 747 2106 uideret,
776 2030 992 2092 tractationem
1019 2032 1136 2110 imper·
1206 2008 1212 2021 ’

111 2141 274 2203 fectiorem
291 2141 386 2204 variis
406 2142 505 2203 causis
520 2141 661 2202 tribuere
681 2142 799 2222 potuit,
819 2143 919 2205 veluti
932 2143 1049 2203 minori
1065 2142 1138 2204 usui

111 2267 223 2334 poetae
241 2255 278 2315 in
299 2254 388 2334 epica
404 2255 501 2335 poesi,
525 2275 620 2336 quem
637 2254 820 2337 ceteroquin
835 2256 1044 2317 interamnae
1062 2274 1136 2318 con·

112 2381 209 2431 staret
223 2367 447 2431 admiratorem
462 2368 616 2430 Messalae
636 2367 734 2430 fuisse
756 2381 849 2451 atque
872 2370 965 2431 etiam
984 2370 1136 2451 patrimo·

112 2485 161 2547 nii
173 2486 282 2548 iecisse
301 2485 463 2559 mennam,
486 2484 612 2564 qualem
633 2495 742 2544 auctor
761 2483 857 2545 huius
879 2483 1023 2545 carminis
1042 2484 1137 2562 signi·
1224 2546 1228 2553 Δ

111 2603 196 2665 ficat.
234 2602 283 2663 Ita
311 2603 365 2664 vel
392 2600 503 2661 habuit
531 2617 592 2678 pro
613 2597 794 2671 Tibulliano
816 2599 869 2662 vel
889 2616 955 2658 non
978 2618 1070 2658 ausus
1092 2609 1139 2659 eat

110 2716 293 2796 relinquere
316 2711 405 2796 quod
424 2733 485 2792 pro
507 2682 690 2774 Tibulliano
712 2711 743 2772 ei
762 2705 912 2773 traditum
933 2713 1053 2789 iuerat,
1085 2712 1137 2773 iu·

113 2831 220 2893 dicans
240 2832 307 2892 fere
328 2827 414 2892 idem
435 2826 474 2891 de
495 2829 556 2891 hoe
579 2847 685 2909 opere,
708 2827 794 2910 quod
817 2826 855 2890 de
877 2831 969 2891 tertio
985 2806 1079 2893 till.
1092 2862 1136 2877 —

111 2947 190 3010 Post
216 2947 278 3007 hoc
299 2963 426 3007 carmen
448 2942 613 3004 collocavit
632 2939 763 3018 elegidia
787 2940 825 3001 de
847 2941 1004 3021 Sulpiciae
1026 2956 1057 3004 et
1079 2941 1138 3005 Ce-

113 3062 213 3122 rinthi
234 3060 395 3121 amoribus
415 3059 447 3118 in
468 3056 590 3119 schedis
605 3055 723 3116 Tibulli
740 3067 866 3135 reperta
879 3076 944 3115 una
960 3076 1030 3116 cum
1046 3077 1138 3118 carm.

114 3195 167 3234 nr.
190 3178 241 3236 13.
263 3185 295 3232 et
319 3173 369 3234 14.
410 3171 547 3249 Iuvenis,
577 3188 672 3252 quem
694 3169 817 3231 attrabat
836 3170 951 3250 puella,
972 3166 1057 3231 haud
1080 3169 1138 3231 du-

114 3291 170 3349 bie
184 3287 346 3349 Romauus
368 3287 429 3347 fuit
447 3307 512 3348 non
529 3285 684 3367 ignobilis,
706 3282 853 3367 idemque
871 3284 988 3348 amicus
1004 3285 1138 3367 Tibulli3

114 3402 222 3484 quisi
241 3402 278 3462 in
297 3404 401 3463 lucem
422 3398 516 3462 edere
537 3402 614 3463 haec
637 3402 773 3463 carmina
791 3403 900 3478 voluit,
921 3413 958 3463 ut
975 3400 1138 3479 credimus,

114 3517 186 3594 ipse
212 3513 316 3576 videri
336 3526 440 3594 potest
460 3515 616 3596 poeticum
638 3535 755 3577 nomen
775 3515 933 3595 intulisse,
964 3517 1139 3580 Lachman-

116 3649 179 3691 nus
205 3649 284 3694 vero
316 3632 355 3691 ab
386 3629 505 3692 editore
534 3644 643 3712 postea
669 3630 701 3693 id
730 3633 911 3712 impositum
939 3646 1038 3713 putat.
1089 3634 1140 3693 De

117 3765 184 3827 qua
207 3765 243 3807 re
272 3744 344 3806 vide
373 3767 455 3828 quae
484 3745 520 3805 in
548 3746 744 3826 praelatione
767 3745 905 3808 adhaec
927 3744 1057 3824 elegidia
1079 3745 1141 3808 die·

115 3862 238 3941 putavi.
281 3860 411 3940 Legitur
439 3860 523 3923 idem
548 3864 583 3923 in
613 3861 750 3925 secundo
770 3863 852 3922 libro
875 3862 952 3939 eleg.
973 3860 1013 3922 ΙΙ.
1035 3873 1065 3922 et
1086 3861 1140 3922 111.

115 3978 159 4035 Aa
181 3975 227 4034 ibi
249 3995 342 4036 causa
362 3975 420 4037 vix
442 3987 525 4051 erat,
548 3994 646 4056 quare
669 3993 736 4035 non
758 3994 870 4036 verum
892 3993 1009 4035 nomen
1030 3975 1141 4035 Tibul·

115 4091 169 4149 lua
189 4101 339 4169 poneret,
372 4101 409 4150 ut
435 4089 512 4150 alias
538 4089 706 4151 Messalam
734 4089 890 4166 nominat,
920 4102 956 4151 ut
982 4089 1142 4167 Horatius,

115 4202 322 4280 Pr0pertius,
356 4202 407 4262 alii
435 4222 512 4266 vera
534 4203 662 4266 nomina
684 4223 795 4267 eorum
816 4203 995 4281 nominant,
1028 4205 1142 4285 quibua

845 4341 860 4378 C
