2468 4838
535 599 718 667 TlBULLI.
1018 620 1128 663 caxvu

104 778 169 852 ils,
203 775 314 854 Hauc,
343 778 429 859 lpse,
458 786 490 839 et
513 774 642 839 omnino
669 775 776 840 scitam
802 772 1007 839 variationem
1034 771 1131 854 parti·

105 888 250 951 cularum
272 888 458 966 initialium,
484 901 520 952 ut
545 888 592 967 Π,
614 894 649 966 5,
668 893 708 951 95
731 909 801 972 sqq.
830 889 917 950 Tunc.
932 922 976 935 -
1019 882 1133 948 Atelli

105 1006 234 1084 qut'squc.
255 1032 301 1047 -
341 1004 452 1080 Ingeret
472 1003 518 1063 iu⁰c
543 1002 705 1064 summum
746 1001 812 1064 Ubi
838 1000 953 1063 similes
976 999 1130 1078 notiones,

104 1115 218 1180 leviter
250 1128 414 1223 tutantur
444 1116 619 1179 locutiones
649 1115 748 1179 veluti
779 1113 823 1176 sic
851 1115 899 1193 Π,
929 1120 964 1190 5,
991 1116 1032 1175 45
1060 1132 1129 1195 sqq.

106 1228 198 1303 Ecce,
222 1228 310 1289 Ecce.
325 1259 370 1274 —
410 1229 485 1290 Ante
504 1230 600 1290 oculos
619 1240 669 1291 est.
684 1263 729 1277 -
774 1228 813 1289 Ts
833 1232 1022 1311 quoquotum
1042 1227 1129 1287 video

104 1340 188 1402 Sunt
210 1341 349 1403 visiones
369 1339 525 1423 Sibyllae,
554 1340 703 1424 quesibi
728 1351 911 1405 tractantur.
928 1373 971 1387 -
1011 1340 1129 1403 Venia·

106 1473 177 1515 ntus
200 1451 241 1514 ad
266 1453 338 1516 alia.
387 1455 489 1517 Porro
511 1455 596 1516 enim
619 1451 715 1516 laudo
736 1455 910 1538 Asyudetoo,
939 1452 1026 1537 quod
1046 1452 1130 1515 inter

105 1565 266 1627 schemata
285 1565 412 1646 potiora
433 1567 586 1629 orationis
607 1565 855 1645 numerandum,
880 1578 912 1628 et
931 1566 1035 1647 ipsum
1056 1586 1129 1628 ner·

105 1698 203 1741 vosae
224 1677 392 1741 variationi
415 1680 547 1761 pulchre
570 1679 712 1743 inservit.
754 1678 836 1743 Nam
861 1679 994 1760 simplici
1016 1682 1129 1762 copula

104 1793 213 1855 iunxit
232 1792 378 1854 Tibullus
399 1790 441 1854 ad
461 1813 617 1855 summum
640 1793 701 1853 tria
722 1789 868 1870 disticha,
894 1792 976 1855 unde
999 1795 1024 1869 1,
1042 1800 1070 1870 3,
1087 1800 1128 1856 75

106 1926 180 1988 sqq.
205 1904 263 1967 ubi
283 1916 450 1988 quattuor,
480 1905 557 1968 bina
581 1904 687 1988 potius
714 1926 774 1987 per
798 1907 851 1968 ullis
873 1939 916 1953 -
935 1909 989 1968 illio
1016 1906 1129 1985 junxit.

107 2016 295 2101 Asyndeton
319 2029 423 2081 autem
444 2016 517 2081 vida
538 2017 573 2080 in
593 2017 643 2080 his
668 2017 701 2095 1,
723 2023 761 2096 ³,
783 2025 843 2081 59:

192 2130 256 2193 Hic
279 2131 411 2193 choreae
436 2143 606 2213 cantusque
629 2131 750 2210 vigent,
780 2130 958 2214 passimque
983 2146 1127 2214 vagantes

236 2243 340 2305 Dulce
360 2255 474 2306 sonant
495 2243 584 2306 tenui
608 2253 733 2322 gutture
758 2263 882 2305 carmen
906 2265 994 2320 aves,

191 2359 261 2420 fert
281 2354 395 2420 casiam
416 2375 483 2419 non
505 2356 589 2419 culta
610 2373 696 2435 seges
719 2365 777 2417 cet.

107 2473 140 2549 1,
162 2478 202 2550 5,
223 2474 266 2531 21
289 2489 374 2552 sqq.=

191 2582 282 2646 Rura
304 2585 419 2661 colam,
447 2581 637 2666 frugumque
658 2580 757 2645 aderit
778 2602 848 2644 mea
868 2581 961 2644 Delia
983 2593 1100 2658 custos,

236 2697 321 2761 Asea
342 2696 418 2760 dum
438 2714 553 2760 messes
575 2696 642 2758 sole
665 2698 784 2759 calente
807 2707 899 2770 teret,

194 2810 262 2873 Aut
280 2810 360 2872 mihi
380 2809 517 2873 servabit
535 2808 638 2891 plenis
658 2809 694 2871 in
714 2807 862 2872 lintribus
886 2826 963 2871 uvas

240 2924 415 3007 Pressaque
435 2922 536 2987 veloci
558 2919 690 2986 candida
710 2935 813 2987 musta
834 2918 930 3004 pede,

196 3037 363 3099 Consuescet
383 3055 549 3099 numerare
569 3055 665 3116 pecus
688 3046 746 3097 cet.

110 3145 202 3211 adde
233 3150 266 3228 1,
292 3153 327 3227 6,
355 3155 409 3210 21.
466 3153 503 3223 9,
533 3151 584 3209 15.
634 3154 688 3225 10,
716 3151 769 3208 55.
797 3176 840 3192 -
899 3147 1021 3208 Verum
1056 3158 1131 3205 sunt

111 3260 206 3324 etiam
228 3260 292 3323 alia
311 3259 494 3325 variationis
517 3255 656 3321 artificia.
695 3258 838 3321 Primum
859 3259 1026 3341 apostrophe
1047 3257 1133 3318 illata

112 3386 143 3437 st
160 3363 312 3438 mansius
333 3397 352 3436 a
372 3374 463 3437 tertia
485 3392 622 3455 persona
642 3369 682 3435 ad
704 3372 803 3450 hanc,
833 3373 874 3435 ab
895 3373 954 3435 hac
976 3368 1016 3433 ad
1036 3371 1131 3448 illam,

112 3484 148 3549 de
173 3508 240 3570 qua
265 3507 300 3548 re
324 3486 397 3551 satis
420 3485 534 3549 dictum
555 3507 667 3569 suprs3
700 3482 813 3548 deinde
835 3487 1005 3550 acclamatio
1027 3505 1132 3549 succe·

114 3597 207 3678 dens,
238 3611 273 3660 ut
293 3598 328 3660 in
349 3601 410 3662 hoc
434 3600 465 3676 l,
487 3605 526 3676 ὃ,
549 3604 589 3660 15
611 3618 698 3682 sqq-t

194 3711 268 3794 ipse
290 3731 347 3792 ego
368 3713 504 3790 solator,
534 3731 605 3774 cum
626 3711 689 3774 iam
709 3708 856 3775 mandato
877 3708 1049 3789 dedissem,
1093 3745 1099 3754 ·

240 3820 438 3900 Quaerebam
459 3821 562 3888 tardas
583 3825 821 3907 auximusque
843 3842 960 3886 moras.

196 3939 262 4001 Aut
282 3957 340 4018 ego
362 3959 431 4001 sum
453 3948 596 4006 causatus
618 3958 692 4001 sves
713 3949 768 3999 aut
790 3935 895 3999 omina
916 3935 1000 4010 dira,

241 4049 371 4114 Saturni
398 4062 452 4114 sut
473 4070 592 4114 sacrant
614 4072 664 4112 mc
685 4051 822 4114 tenuisse
845 4048 935 4112 diem.

199 4162 228 4230 0
251 4165 397 4247 quotiens
417 4163 575 4246 ingressus
596 4164 657 4226 iter
679 4175 737 4226 cet.

115 4277 235 4360 Nempe
263 4296 364 4340 nexus
390 4278 440 4339 hic
468 4288 532 4340 est:
564 4280 635 4359 lpse
660 4298 716 4359 ego
740 4284 862 4338 stante
889 4271 950 4335 iter
977 4271 1134 4353 inceptum
