2468 4838
501 588 688 657 TIBULLJ.
1003 624 1098 665 oxum

66 766 148 833 Nom
170 774 211 831 ul
235 788 324 829 nune
345 765 442 833 verbo
462 761 565 829 dicam
585 765 673 852 quod
697 789 747 830 res
768 780 824 851 esi,
848 771 986 854 primum
1007 796 1099 859 uper·

67 894 134 945 lum
155 879 329 944 discrimen
350 879 433 943 inter
456 880 665 945 elocutionem
679 882 800 946 Tibulli
819 899 851 948 et
864 885 1018 970 Lygdami
1037 892 1098 955 hoc

69 1008 165 1079 pulo,
186 991 277 1078 quod
303 994 451 1075 proprius
473 993 563 1073 vigor
583 994 780 1058 Tibullianae
805 996 951 1065 dictionis
973 1007 1100 1069 abesto

69 1106 229 1191 Lygdomi
244 1106 360 1172 verbis.
399 1104 559 1188 Loquitur
569 1109 698 1189 quaevis
713 1109 842 1190 pagium
864 1124 968 1175 tamen
984 1136 1099 1197 operae

69 1223 211 1305 pretium
234 1218 386 1300 exemplis
408 1219 528 1301 aliquot
549 1241 618 1282 rem
638 1220 795 1284 illustrare
818 1222 973 1289 disertius.
1020 1227 1100 1292 Cum

70 1332 186 1397 flebilis
207 1334 250 1394 sit
270 1332 436 1415 utriusque
456 1344 568 1412 poetae
589 1332 684 1394 Musa
691 1379 701 1412 ,
733 1332 803 1397 vide
823 1337 902 1397 mihi
923 1361 954 1402 v.
967 1361 994 1402 c.
1015 1343 1100 1403 hunc

70 1449 273 1529 praeclarum
293 1447 399 1507 locum
418 1444 539 1506 Tibulli
559 1444 606 1522 ll,
623 1446 660 1522 4,
678 1454 696 1507 7
714 1465 800 1529 sqq.;
828 1448 947 1511 frustra
967 1473 1100 1534 quaeras

72 1560 159 1645 opud
174 1558 373 1643 Lygdamum
391 1562 443 1624 vel
461 1580 501 1621 ex
521 1572 609 1640 parto
630 1559 742 1622 similia
756 1562 804 1622 his
821 1565 964 1629 nervosis
981 1568 1101 1631 verbis:

157 1670 188 1739 0
211 1695 270 1753 ego
292 1694 333 1735 ue
356 1673 476 1754 possim
498 1674 575 1735 tales
597 1671 712 1734 sentire
737 1670 878 1754 dolores,

205 1781 310 1860 Quam
329 1786 456 1846 mollem
475 1783 511 1845 in
531 1780 641 1863 gelidis
661 1784 823 1847 montibus
846 1807 912 1849 osse
933 1788 1030 1870 lupis,

156 1896 250 1963 stare
270 1900 323 1961 vel
343 1897 462 1959 insanis
483 1910 588 1960 cautes
606 1899 746 1960 obnoxia
766 1899 879 1978 ventis,

204 2010 368 2090 Naufraga
389 2030 483 2093 quom
504 2010 586 2073 vasti
608 2008 756 2072 tunderet
774 2008 862 2073 unda
882 2009 994 2074 maris!

159 2123 257 2187 Nunc
280 2136 312 2185 et
332 2143 439 2185 amara
461 2119 527 2183 dies
550 2134 581 2184 et
602 2124 701 2185 noctis
724 2125 861 2186 amarior
883 2125 996 2187 umbra
1018 2137 1080 2190 est:

206 2232 323 2301 Omnia
343 2257 418 2297 uam
438 2234 520 2296 tristi
543 2247 686 2315 tempora
707 2237 780 2297 felle
802 2235 939 2299 madent.

75 2348 139 2413 Sed
159 2349 414 2431 comparabimus
435 2348 556 2429 aliquot
583 2347 670 2410 locos
693 2349 858 2429 utriusque
889 2362 1001 2430 poeloe
1021 2351 1104 2414 inter

75 2485 119 2545 se,
144 2475 180 2527 ut
201 2462 316 2525 clarius
338 2459 444 2523 videas
460 2458 639 2524 discrimen.
680 2460 826 2522 Tibullus
849 2459 922 2523 dicii
943 2463 983 2541 Π,
1000 2469 1102 2541 6,15:

157 2580 244 2640 Acer
264 2577 381 2653 Amor,
412 2574 526 2635 fractas
548 2574 669 2633 minam
691 2583 746 2634 tuo
768 2574 830 2635 tela
851 2576 990 2653 sagittas,

205 2690 241 2752 Si
262 2688 352 2759 licet,
383 2687 551 2747 exstinctas
574 2683 805 2767 adspiciamque
827 2684 925 2748 iaces!

161 2804 214 2865 Tu
235 2801 385 2863 miserum
401 2813 547 2881 torques,
575 2808 611 2859 tu
631 2817 683 2859 me
703 2798 783 2858 mihi
805 2795 874 2858 dira
894 2799 1017 2881 proceri

206 2913 299 2994 Cogis
321 2925 352 2975 ot
375 2912 486 2972 insana
506 2923 610 2971 monle
632 2908 769 2971 nefanda
789 2910 888 2993 loqui.

160 3030 230 3092 lam
253 3028 336 3088 mela
355 3025 493 3086 finissem
513 3024 592 3100 leto,
621 3020 677 3085 sed
699 3022 825 3084 credula
846 3023 943 3086 vitam

205 3139 284 3223 Spes
306 3140 393 3202 fovet
414 3149 444 3198 et
463 3138 531 3199 fore
554 3153 623 3196 cras
642 3154 768 3215 semper
788 3135 832 3197 eit
852 3134 975 3196 melius.

77 3250 258 3338 Lygdamus
281 3252 340 3330 ΙΙΙ,
360 3257 397 3328 2,
418 3250 506 3311 inis:

162 3361 230 3443 Qui
250 3365 371 3445 primus
393 3382 498 3425 caram
519 3358 627 3423 iuveni
650 3376 820 3439 carumque
844 3353 966 3437 puellae

209 3479 334 3561 Eripuit
354 3480 520 3553 iuvenem,
546 3476 668 3538 ferreus
688 3472 743 3534 ille
765 3470 835 3533 fuit.

162 3594 275 3657 Durus
300 3604 331 3653 ot
351 3592 405 3653 ille
428 3591 505 3667 luit,
529 3587 584 3672 qui
605 3598 729 3651 tantum
750 3586 833 3646 ferre
858 3582 1016 3664 dolorem,

206 3707 325 3769 Vivere
347 3717 379 3767 et
399 3716 508 3785 erepta
532 3703 662 3782 coniuge
686 3699 743 3783 qui
763 3700 876 3781 potuit.

162 3820 240 3884 Nou
262 3839 320 3899 ego
343 3818 453 3880 firmus
474 3818 508 3878 in
529 3817 608 3894 hoc,
640 3833 708 3875 non
727 3814 805 3873 haec
826 3810 976 3891 patientia
997 3821 1107 3873 nostro

206 3932 353 4013 iugenio:
383 3930 499 4009 frangit
518 3928 613 3989 sortia
635 3924 731 3988 corda
751 3922 860 3985 dolor:

165 4044 234 4108 Nec
255 4043 333 4105 mihi
355 4063 431 4104 vero
452 4042 541 4124 loqui
562 4036 667 4121 pudor
689 4048 735 4098 est
755 4037 900 4116 vitaeque
924 4032 1016 4093 lateri

208 4158 273 4220 Tot
292 4157 375 4218 mala
397 4174 562 4237 perpessae
586 4149 687 4213 taedia
708 4160 781 4211 nala
804 4166 903 4210 meso.

167 4272 253 4352 Ergo
276 4291 348 4333 cum
367 4282 495 4331 tenuem
516 4268 608 4329 luero
628 4274 764 4327 mutatus
786 4261 821 4321 in
842 4258 986 4321 umbram
1000 4288 1053 4317 -.
