2468 4838
141 686 215 728 curn
570 664 629 728 DE
650 658 773 730 POE81

139 833 234 900 tionis
252 832 387 901 indicem
403 846 434 901 et
451 833 556 921 ipsum
575 832 838 916 pulcherrimum,
863 832 952 899 cuius
969 833 1167 899 luculentum

139 952 320 1034 exemplum
341 951 438 1032 elegia
458 952 484 1030 l,
503 956 532 1012 1.
552 950 692 1033 praebet.
733 947 819 1013 Fieri
841 947 926 1011 enim
946 959 1052 1030 potest
1072 947 1166 1012 etiam

139 1066 217 1144 boc,
248 1078 285 1128 ut
309 1068 415 1128 thenm
436 1065 551 1147 elegiae
573 1066 710 1147 positum
732 1064 767 1127 in
789 1060 922 1135 exordio
945 1074 977 1125 et
998 1063 1166 1144 repetitum

139 1182 175 1244 in
202 1181 290 1245 exim
310 1190 475 1262 praeterea
495 1179 603 1244 redeat
628 1180 663 1242 in
687 1176 792 1243 medio
813 1178 951 1241 carmine
976 1173 1165 1255 identidem3

139 1316 214 1378 ergo
237 1317 304 1360 non
331 1308 434 1361 totum
460 1309 678 1378 argumentum
704 1316 802 1360 unam
824 1292 981 1380 quandam
1001 1292 1167 1376 repetitam

138 1408 275 1473 lormam
299 1410 395 1473 babet
422 1420 460 1471 ut
488 1427 585 1492 supra
611 1409 646 1472 in
669 1408 774 1491 primo
802 1428 932 1489 genere,
963 1404 1020 1469 sed
1043 1425 1165 1469 summa

138 1534 261 1586 tantum
284 1522 437 1585 sententia
464 1541 523 1606 per
549 1522 713 1585 tatenalta
732 1521 887 1603 repetitam
908 1540 927 1582 a
946 1517 1105 1602 principio
1125 1517 1165 1582 ad

140 1634 235 1698 hem
260 1656 372 1716 magna
395 1656 466 1699 cum
488 1635 538 1712 ri,
565 1632 829 1719 quemadmodum
851 1634 914 1695 iam
936 1630 1068 1698 videbis.
1109 1631 1164 1695 Ti·

139 1750 244 1814 bullus
263 1750 412 1814 invitatus
432 1770 452 1811 a
467 1748 603 1811 Messala
624 1745 664 1809 ad
683 1748 759 1811 belli
779 1747 957 1810 societatem
974 1766 1047 1811 cum
1066 1745 1165 1808 nodet

138 1862 246 1947 sequi,
278 1858 447 1944 respondet
473 1860 535 1924 lsoc
563 1862 717 1938 carmine,
750 1860 839 1923 cuius
864 1880 986 1924 summa
1010 1858 1165 1922 sentcmia

139 1978 236 2042 haece
266 1976 394 2038 militiae
413 1976 570 2037 molestias
593 1986 625 2036 et
645 1993 721 2056 opes
741 1972 810 2036 aliis
831 1994 864 2036 sa
884 1974 1081 2056 relinquere,
1104 1973 1164 2034 sibi

138 2089 263 2170 placere
290 2087 547 2170 tranquillitatem
573 2087 655 2151 vitae
680 2085 805 2151 modico
835 2098 1011 2179 contentae.
1059 2087 1165 2169 Atque

136 2203 215 2266 baec
242 2203 397 2264 tentantia
424 2199 548 2284 prodit,
580 2214 615 2264 ut
639 2222 698 2284 par
723 2215 786 2281 est,
816 2204 919 2266 statim
945 2204 981 2266 in
1007 2202 1164 2285 principio

137 2329 170 2380 ct
198 2315 366 2380 exordium
394 2328 537 2398 occupat.
589 2316 657 2378 lam
683 2316 718 2377 in
748 2313 852 2380 medio
876 2317 1014 2380 carmine
1042 2313 1075 2378 id
1103 2315 1166 2396 agit

136 2447 249 2518 poeta,
280 2445 316 2497 ut
344 2433 499 2496 describat
528 2445 561 2496 et
587 2432 721 2495 illustret
748 2432 809 2495 lroc
836 2432 936 2496 otium
962 2452 1108 2495 securum
1133 2444 1165 2494 et

136 2552 244 2633 paucis
270 2561 471 2627 contentum,
502 2545 589 2633 quod
616 2545 726 2628 degere
753 2549 881 2629 cogitat,
910 2547 955 2611 sio
975 2546 1075 2611 divisa
1096 2560 1164 2612 tota

135 2667 337 2731 tractationes
361 2667 503 2729 Primum
521 2665 655 2728 rusticae
673 2665 756 2730 vitae
774 2663 1001 2731 iucunditatem
1019 2665 1166 2747 explicat,

137 2782 177 2847 ad
199 2804 294 2867 quam
314 2779 418 2844 redire
436 2783 518 2860 uult,
543 2802 613 2845 cum
636 2782 767 2862 negotiis
787 2782 937 2865 festisque
958 2783 1037 2862 suis,
1057 2780 1166 2848 dicens

136 2906 205 2957 tum
227 2893 266 2957 de
293 2895 445 2958 arborum
465 2896 639 2979 vitiumque
667 2918 742 2961 cura
763 2909 793 2961 et
818 2899 905 2960 cultu
926 2897 1057 2960 deorum
1084 2900 1167 2981 agri·

137 3010 295 3088 catarum,
335 3021 404 3072 tum
435 3008 474 3073 de
506 3012 653 3093 pecuaria
685 3024 715 3075 et
747 3012 929 3094 pastoritiae
958 3008 1036 3076 deae
1068 3015 1166 3078 cultu.

138 3124 290 3187 Tractatis
311 3126 435 3188 rusticis
456 3128 551 3190 rebus
570 3139 679 3191 narrat
698 3147 732 3191 se
752 3128 845 3192 etiam
863 3128 987 3212 puellae
1006 3131 1165 3197 formosae

137 3240 270 3304 vinculls
301 3241 423 3319 teneri,
466 3252 560 3325 atque
595 3244 639 3304 ita
669 3245 794 3306 tertiam
831 3256 953 3327 partem
983 3264 1095 3306 rerum
1125 3242 1165 3307 de

136 3374 242 3417 amore
264 3353 376 3416 Deliae
405 3355 563 3434 subiungit
591 3355 842 3421 antecedentibus
870 3355 993 3421 duabus
1015 3357 1165 3422 rusticam

136 3467 234 3528 vitam
254 3467 497 3543 illustrantibus,
519 3487 710 3549 componens
727 3472 906 3535 universam
922 3470 1165 3555 descriptionem

138 3577 194 3641 otii
216 3577 385 3653 fortunati,
413 3590 449 3639 ut
469 3577 573 3657 rides,
605 3580 689 3643 ruris
716 3594 746 3644 et
772 3586 887 3648 amoris
909 3583 1015 3649 laude.
1065 3585 1165 3670 Atqui

137 3690 172 3752 in
193 3690 404 3754 commissuris
422 3695 558 3773 partium
576 3697 694 3776 egregie
711 3700 847 3762 instituit
861 3711 899 3763 ut
916 3698 1026 3763 redeat
1042 3720 1166 3765 summa

137 3804 291 3869 sententia
317 3815 349 3867 et
376 3806 420 3868 sic
442 3803 620 3870 dominetur
645 3830 705 3891 per
730 3811 808 3876 baec
835 3813 951 3876 omnia.
1001 3815 1166 3881 Postremo

137 3921 240 3984 exitus
261 3920 406 3984 carminis
429 3922 587 4004 sequitur,
617 3926 671 3987 ubi
695 3928 839 3991 ultimum
863 3930 1020 4013 repetitur
1042 3951 1166 3994 summa

138 4037 307 4113 sententia,
339 4047 373 4098 ut
397 4036 489 4098 etiam
517 4036 640 4100 claudat
665 4050 774 4103 totum.
826 4042 933 4106 Habes
958 4055 1031 4106 ante
1055 4046 1166 4109 oculos

138 4172 222 4213 nunc
250 4149 344 4213 etiam
371 4152 452 4213 hanc
482 4153 643 4232 pulchram
672 4154 940 4235 compositionem.
989 4158 1095 4241 Atque
1121 4157 1166 4222 ita

142 4265 277 4327 diximus
300 4263 338 4327 de
360 4264 546 4346 repetitione
575 4266 758 4330 formarum.
776 4304 821 4318 --

203 4382 399 4463 Complectar
425 4383 487 4443 iam
512 4383 649 4461 genemli
676 4386 773 4448 verbo
801 4380 1017 4447 antecedentia
1046 4382 1167 4461 omnia,
