2468 4838
482 592 663 659 TlBULLt.
1030 618 1087 657 xix

53 757 153 842 vitain
174 773 291 851 redire,
320 784 351 834 et
371 766 527 850 cogitabat
548 788 631 831 nunc
654 770 747 831 etiam
770 767 903 847 Deliam,
924 770 952 831 si
973 786 1084 830 recon-

54 896 222 970 valuisset,
252 910 357 954 secum
384 886 499 950 ducere
520 889 555 948 in
576 885 738 968 praedium
767 898 797 948 et
826 907 896 949 cum
918 908 954 948 eo
976 887 1083 949 virere

54 1033 195 1093 semper,
225 1001 492 1092 quemadmodum
517 1003 650 1085 pulchre
678 999 825 1067 describit
853 1003 929 1083 1,5,
954 1008 993 1065 19
1015 1024 1084 1088 sqq.

54 1131 179 1189 Verum
201 1125 288 1187 enim
310 1141 387 1187 vcro
408 1122 486 1183 baec
505 1123 571 1183 iam
591 1120 675 1182 inter
697 1120 868 1183 absentiam
888 1121 1018 1198 Tibulli,
1048 1134 1084 1184 ut

54 1240 190 1315 videtur,
210 1235 306 1302 fidem
325 1247 450 1299 mutare
471 1246 502 1297 et
523 1234 659 1297 aliorum
679 1232 843 1316 promissis
863 1254 972 1297 aurem
993 1256 1083 1316 prae-

56 1361 134 1420 bere
153 1367 317 1438 coeperam
347 1363 441 1435 poeta
467 1351 620 1433 recipitur
646 1351 772 1436 quidem
793 1365 866 1435 post
889 1352 1027 1415 reditum
1051 1366 1086 1415 ut

57 1484 129 1533 ante
150 1483 184 1533 et
205 1470 381 1550 aegrotanti
401 1488 495 1551 opem
515 1469 586 1546 lert,
605 1465 661 1530 sed
681 1468 775 1529 Delia
795 1468 848 1534 rix
863 1469 1009 1531 restituta
1029 1490 1085 1531 va·

55 1586 197 1648 letudine
211 1585 366 1651 relabitur
387 1582 428 1647 ad
444 1583 603 1648 levitatem
624 1596 655 1647 et
673 1581 819 1647 ditiorem
837 1597 1009 1648 amatorem
1027 1582 1084 1647 ad·

55 1701 161 1763 mittit.
203 1696 352 1761 Tibullus
370 1718 435 1781 quo
456 1710 523 1760 tum
543 1696 653 1763 dolore
676 1712 839 1782 correptus
861 1700 964 1778 luerit,
986 1701 1084 1780 elegia

54 1811 195 1876 indicata
219 1810 344 1874 abunde
371 1810 479 1892 docet;
506 1813 670 1896 hucusque
694 1833 728 1877 se
754 1811 884 1876 unicum
912 1827 1083 1877 amatorem

56 1924 233 1988 crediderat
251 1937 284 1988 et
300 1925 485 2005 imaginatus
500 1939 568 1989 erat
587 1946 740 1990 summam
759 1929 944 2007 felicitatem,
965 1931 993 1992 si
1008 1950 1085 1992 rure

56 2062 165 2104 secum
192 2043 323 2105 haberet
353 2039 479 2105 Deliam
508 2054 693 2125 perpetuam
721 2044 804 2107 vitoe
830 2046 963 2124 sociam,
1000 2068 1082 2110 nunc

57 2171 221 2221 mutantur
246 2156 371 2234 omnio,
397 2178 455 2219 nec
480 2158 644 2221 miraberis
668 2162 914 2223 exsecrationem
939 2166 1084 2243 gravissi·

57 2298 142 2339 mam
163 2278 255 2337 lenae
277 2272 492 2355 corruptricis,
522 2295 605 2357 quoe
632 2288 749 2337 tantam
774 2278 980 2341 calamitatem
1005 2295 1085 2343 attu-

56 2393 147 2452 lerat.
191 2389 344 2451 Notamns
363 2389 425 2450 hoc
446 2389 516 2451 loco
540 2408 611 2449 cum
633 2389 752 2452 Bnelrio
776 2401 807 2452 et
828 2390 973 2472 Spohnio
996 2414 1086 2456 erro·

57 2525 128 2566 rem
149 2504 265 2564 mirum
288 2501 409 2579 Vossii,
434 2504 538 2565 lenam
558 2502 650 2563 istam
671 2504 837 2584 pessimam
859 2507 997 2588 putantis
1018 2529 1086 2570 ma-

57 2631 144 2680 trem
164 2617 273 2679 Deliae
293 2617 400 2696 luisse,
421 2617 508 2701 quod
531 2620 625 2680 etiam
645 2620 794 2684 Passerio
814 2621 932 2701 placuit
950 2624 984 2684 in
1002 2623 1085 2685 Cen·

14 2722 17 2727 ’
60 2752 138 2795 sura
159 2751 253 2813 supra
274 2716 410 2794 laudato.
461 2730 583 2813 Nempe
604 2730 734 2812 elegiam
754 2745 875 2795 sextam
897 2747 969 2796 ante
992 2737 1085 2817 quin·

59 2860 124 2909 tam
146 2845 315 2909 credebant
339 2847 499 2927 scriptam,
523 2844 610 2929 quod
635 2867 740 2925 secus3
771 2850 885 2929 scripta
908 2860 954 2909 est
975 2849 1085 2932 quinta

61 2975 133 3025 ante
154 2975 290 3039 sextam,
315 2973 353 3051 ut
379 2962 483 3023 statim
503 2958 618 3037 dicam,
645 2958 711 3023 nec'
725 2963 830 3043 potuit
852 2975 961 3042 postea
989 2983 1084 3025 aurea

63 3099 140 3143 anus
165 3077 230 3141 dici
250 3087 281 3140 ct
302 3072 440 3138 maxima
460 3073 554 3138 laude
580 3077 703 3151 ornari,
737 3098 817 3160 quae
839 3090 909 3140 ante
933 3077 1008 3140 diris
1031 3078 1085 3140 de-

63 3206 136 3256 vota
157 3204 248 3256 esset.
290 3192 388 3272 Igitur
401 3172 470 3253 'alia
489 3188 577 3252 haud
598 3187 693 3251 dubie
712 3191 826 3251 mulier
845 3191 906 3251 luit
924 3192 983 3252 ista
1004 3213 1085 3271 saga.

63 3308 148 3370 luter
171 3306 336 3367 Tibullum
361 3325 437 3369 vero
466 3317 497 3367 et
521 3305 647 3367 Deliam
674 3298 838 3366 discidium
860 3278 975 3369 ortuln.
1027 3308 1084 3367 Vi-

64 3419 127 3498 des,
147 3435 182 3484 ut
203 3420 410 3497 removimus,
431 3421 515 3483 clara
536 3420 642 3484 omnia
663 3431 694 3482 et
714 3417 857 3482 ordinem
880 3441 988 3482 rerum
1010 3441 1084 3484 con·

63 3551 257 3600 sentaneum.
299 3534 405 3613 Quare
422 3558 545 3619 pergo·
569 3535 644 3599 Non
661 3534 715 3597 diu
731 3538 837 3600 tulisse
851 3524 976 3601 videtur
990 3551 1084 3621 poeta

64 3649 227 3714 discidium
249 3651 337 3735 quod
360 3652 444 3732 dixi,
471 3666 502 3715 et
521 3654 625 3736 potuit
648 3653 711 3715 iam
735 3674 808 3716 rere
828 3668 882 3717 aut
903 3657 963 3717 sub
984 3667 1085 3717 aesta-

10 3782 12 3793 ·
65 3781 125 3830 tem
148 3772 223 3831 anni
247 3776 321 3833 725.
345 3770 439 3833 scribi
462 3771 536 3851 eleg.
558 3772 583 3846 l,
608 3777 646 3846 5,
669 3770 724 3833 ubi
745 3771 778 3832 in
801 3771 932 3850 gratiam
953 3788 1024 3828 cum
1048 3787 1086 3827 ea

64 3881 166 3944 redire
190 3883 288 3963 cupit.
339 3880 433 3959 Quod
459 3897 562 3947 tamen
588 3904 654 3946 non
681 3885 783 3947 statim
810 3885 903 3965 plane
930 3882 1085 3945 successit.

64 3995 124 4059 lste
145 3984 275 4080 quidem
297 3995 385 4061 dives
409 4010 530 4062 amator
555 4010 664 4080 postea
689 3998 779 4072 abiit,
812 3994 867 4058 sed
893 3997 955 4058 ism
978 3994 1100 4077 aderat,

66 4111 157 4189 alins,
177 4112 206 4172 si
227 4130 303 4175 vere
327 4109 406 4175 dixit
425 4113 461 4173 in
480 4112 543 4176 fine
564 4110 726 4174 carminis:
749 4106 903 4193 quidquid
923 4110 997 4188 fuit,
1019 4111 1085 4173 De·

64 4225 105 4287 lia
125 4227 207 4289 circa
228 4228 289 4289 laoe
310 4238 433 4310 tempus
453 4228 596 4310 nupsisse
616 4230 685 4294 rire
708 4231 738 4292 ei
758 4225 889 4307 videtur,
910 4231 966 4312 qui
986 4231 1020 4290 in
1036 4248 1085 4290 se·

65 4341 233 4420 quentibus
256 4341 443 4405 carminibus
466 4343 539 4421 t,2.
560 4344 634 4411 etl,
656 4351 685 4406 b.
708 4357 909 4408 incuteretur.
952 4340 1013 4405 Sed
1031 4344 1085 4403 Ti·

742 4460 762 4518 b
776 4456 789 4486 U
