2468 4838
488 592 668 659 TlBULLl.
886 692 891 699 .
990 613 1086 659 cxxut

148 759 255 836 Quem
277 772 365 826 recol
386 765 515 828 elterius
535 764 668 828 blandos
689 762 797 827 audire
819 783 973 841 susurros,
1046 788 1053 809 ·

189 876 334 942 Molliter
353 879 386 941 in
408 881 501 945 lscito
522 882 629 945 littore
651 879 866 961 compositum.

146 1072 217 1135 llos
236 1072 320 1135 inter
342 1071 490 1153 pestem
510 1093 607 1157 cogor
626 1072 743 1139 deflere
765 1077 916 1158 querelis,

190 1183 350 1267 Supplicie
371 1206 391 1249 c
409 1186 511 1267 longis
531 1187 653 1251 tristior
673 1190 825 1253 excubiis.

58 1320 109 1385 Ne
132 1322 265 1385 silerem
285 1323 380 1405 plurs
400 1341 441 1384 ex
462 1322 646 1387 innumeris.
688 1325 775 1388 Inest
793 1343 869 1389 vero
892 1334 927 1387 ut
947 1324 1082 1407 Proper-

58 1439 121 1503 tius
140 1440 204 1503 lese
225 1458 263 1501 rs
284 1438 400 1514 utitur,
428 1458 522 1523 seeps
543 1438 731 1523 exquisitior
750 1439 906 1525 quaedam
928 1442 1084 1523 emphasis

58 1557 93 1621 in
113 1556 169 1619 uti
188 1554 330 1618 subiecto
346 1555 502 1631 membro,
523 1576 604 1637 quse
625 1556 728 1618 eliens
748 1578 768 1618 s
786 1555 970 1638 simpliciori
989 1576 1084 1617 sensu

60 1671 197 1749 Tibulli,
217 1682 250 1734 st
268 1670 353 1733 illiue
371 1671 510 1733 molliori
530 1670 646 1735 retioni
664 1672 783 1753 egregie
803 1674 958 1736 convenit.
997 1670 1083 1734 Nus·

60 1805 156 1869 wem
183 1802 263 1851 vero
288 1795 391 1847 totum
419 1781 572 1848 dielichen
601 1784 646 1848 sic
672 1782 778 1849 videas
806 1807 825 1847 s
851 1785 994 1848 Tibmto,
1008 1786 1082 1849 sub·

58 1900 193 1977 iectum,
222 1899 316 1982 queis
337 1897 398 1961 hoc
420 1909 467 1962 est
488 1898 571 1982 apud
592 1900 842 1983 Propertium,
862 1906 919 1977 15,
939 1904 996 1963 25:

143 2028 268 2117 Desine
285 2027 350 2092 ism
369 2048 517 2095 revocare
540 2032 602 2095 tuis
622 2032 763 2115 periuris
783 2034 907 2111 verbis,

190 2144 345 2229 cynthia,
373 2158 406 2209 et
425 2147 540 2211 oblitos
559 2169 653 2231 perce
673 2168 802 2213 morere
822 2148 916 2225 deos,

144 2257 279 2337 sudu,
308 2261 350 2323 sb
369 2262 502 2323 nimirem
525 2272 634 2323 nostro
656 2258 793 2324 doliture
813 2260 947 2343 periclo,

188 2372 226 2439 Si
247 2372 325 2459 quid
344 2374 427 2439 iorte
450 2376 507 2439 ubi
529 2373 638 2439 durius
660 2374 813 2439 inciderit.

60 2504 170 2587 Qualis
190 2510 245 2575 rel
262 2508 368 2573 lnxior
388 2509 456 2575 viss
476 2510 572 2573 fuerit
586 2510 685 2575 olibis
707 2510 892 2594 compositio
914 2508 969 2574 vel
987 2507 1083 2573 ertiii·

62 2625 186 2706 ciocior,
209 2647 283 2691 cum
295 2628 483 2712 plerumque
499 2627 736 2711 exquisitionem
753 2627 915 2710 emphasin
933 2626 1084 2710 requiret.

61 2734 203 2805 Omnino
234 2750 320 2823 peter
350 2761 445 2823 quem
475 2740 604 2823 proprie
634 2740 685 2803 hic
715 2738 842 2826 quidem
873 2738 958 2803 dices
989 2737 1083 2801 unius

61 2850 187 2935 periodi
221 2856 480 2937 perpetuitatem,
527 2877 597 2920 eem
633 2857 668 2920 in
707 2856 924 2939 superioribus
960 2864 1081 2918 tontum

62 2970 215 3051 exemplis
234 2970 384 3054 tepetis-i,
399 2971 577 3056 postposite
594 2974 737 3036 membre
757 2994 828 3036 cum
846 2992 932 3038 novo
953 2981 1082 3033 accentu

63 3104 156 3167 quem
184 3080 382 3166 desiderunt,
417 3086 508 3170 qussi
537 3084 588 3148 sui
613 3085 692 3148 iuris
719 3084 812 3164 fiant,
849 3085 987 3162 tollitur,
1025 3081 1082 3143 ubi

62 3196 164 3261 locum
186 3198 321 3275 hebent,
351 3198 411 3263 ists
438 3198 554 3261 arctior
578 3208 610 3260 et
630 3196 751 3259 lirmior
773 3196 876 3259 unitas
900 3196 1081 3269 verborum,

62 3310 157 3395 itque
180 3313 355 3378 enuntiatio
381 3312 489 3378 cimilia
513 3313 581 3377 aliis
603 3333 644 3375 ex
665 3309 805 3374 discretis
831 3309 980 3373 membris
1006 3326 1082 3369 cou-

63 3426 228 3489 stantibus.
287 3426 433 3491 Tibullus
465 3438 569 3490 sutem
600 3427 658 3491 ubi
685 3447 728 3489 ex
758 3422 914 3489 continuis
942 3420 1082 3505 periodis

63 3534 192 3602 Melie
211 3540 436 3620 componsbst,
459 3541 614 3622 probabat
630 3539 765 3603 maxime
781 3536 997 3604 nervosiorcm
1014 3537 1081 3599 ior·

63 3670 163 3730 nem,
208 3662 247 3715 ut
278 3652 400 3715 tersbst
432 3653 592 3733 ingenium
624 3655 797 3716 masculum
832 3671 965 3735 poeseos
996 3671 1081 3714 susc.

64 3764 182 3829 Verum
209 3763 286 3829 setis
313 3763 354 3828 de
381 3765 447 3845 bis,
484 3787 565 3850 quse
593 3768 764 3850 praeterire
792 3766 963 3829 noluimus.
1014 3765 1081 3826 lsm

64 3877 284 3963 progredimur
308 3879 444 3962 longius.
493 3881 665 3966 Usurpsvit
691 3882 838 3944 Tibullus
865 3890 902 3942 ut
927 3898 987 3963 per
1014 3889 1083 3941 erst

64 3996 175 4077 passim
200 3995 279 4059 tetes
302 3997 437 4062 maiores
464 3999 597 4061 unitates
619 3995 821 4080 periodorum
844 4015 904 4078 per
925 3995 1082 4074 integrum

66 4106 215 4176 distichon
234 4122 393 4192 extensas,
413 4113 468 4177 sed
485 4113 621 4179 taedium
638 4114 768 4179 iecerint
784 4111 900 4176 diutius
918 4110 1082 4177 continue·

66 4232 123 4301 lte,
144 4243 252 4309 neque
270 4225 362 4287 aliter
380 4228 474 4289 ceteri
491 4239 603 4308 poetae
623 4225 818 4307 indisertum
843 4225 940 4309 elegis
957 4238 991 4289 ut
1012 4228 1082 4306 plu-⁴

67 4334 174 4402 timum
207 4335 378 4403 viridiores
408 4341 525 4406 iormss
556 4340 706 4406 orationis
738 4343 867 4427 requirit
898 4354 927 4404 et
955 4342 987 4404 in
1020 4342 1081 4406 nlio
