2468 4838
548 564 733 628 l'lBULLl.
1077 598 1151 641 sarx

125 732 241 796 lterum
270 730 445 795 carminum
472 736 712 815 praestantiam,
745 760 828 800 cnunc
855 736 895 801 ad
922 744 991 825 ipsa
1015 744 1146 811 disticha

123 841 360 923 descendimus,
390 856 421 905 et
444 842 485 905 ad
506 846 640 909 lerinam
661 861 692 911 et
719 852 929 947 elocutionem
953 858 1145 939 singularum

122 958 352 1021 sententiarum
377 957 650 1039 considerandam,
680 978 716 1027 ut
741 987 961 1047 cognoscamus
983 976 1144 1056 quosnodo

121 1084 216 1155 poeta
238 1094 311 1135 cum
333 1072 497 1139 latitudine
516 1079 721 1159 expositionis
743 1083 894 1165 elegiacon
915 1087 1143 1170 simplicitatem

122 1200 154 1251 et
174 1189 241 1253 rins
263 1191 490 1255 consociarerit
510 1195 640 1275 egregio.

186 1306 236 1367 Ac
263 1303 397 1369 latitudo
423 1306 550 1391 quidem
577 1309 783 1392 expositionis
808 1314 959 1393 elegiacos
983 1314 1048 1380 duo
1074 1321 1142 1398 pal·

120 1420 221 1485 nuris
246 1420 377 1485 artificis
403 1422 499 1485 lssbet
525 1425 642 1507 quibus
669 1427 783 1503 utitur,
814 1428 972 1493 duumucm
992 1438 1141 1495 sententiae

118 1540 148 1596 iu
169 1546 287 1617 pann,
318 1546 351 1597 st
376 1536 621 1619 amplficatioasm
647 1560 700 1621 per
722 1545 906 1622 repetitionem
928 1542 1052 1605 eiusdem
1077 1564 1141 1605 ssa·

117 1655 238 1729 terrim
267 1650 401 1713 alterum
422 1651 551 1715 Tibullo
573 1664 636 1730 est,
665 1654 798 1717 alterum
819 1657 985 1737 Propertio
1006 1657 1139 1721 lunilia·

117 1765 194 1829 rius.
245 1764 290 1829 Ut
316 1764 456 1847 primum
482 1766 523 1829 ds
549 1766 606 1830 illo
634 1764 752 1846 dicam,
781 1790 853 1833 cum
882 1771 966 1833 binis
996 1774 1138 1835 versibus

117 1890 241 1943 constet
268 1890 404 1943 monim
432 1881 618 1963 elegiacum,
650 1905 710 1964 per
736 1905 818 1969 quos
849 1883 1037 1948 extendatur
1064 1906 1137 1951 sen.

116 1995 235 2074 tentia,
279 1994 443 2060 commode
481 2018 516 2059 ss
549 1996 718 2062 divisiones
754 2002 957 2077 obtuleruut,
1000 2002 1135 2064 maxime

113 2108 325 2197 deputamini,
353 2112 442 2175 utin
470 2114 559 2195 pnrin
580 2115 614 2177 ri
636 2116 777 2176 membra
804 2112 985 2197 (coordiairte
1008 2111 1134 2195 crede)

112 2224 288 2291 discederet
316 2227 435 2306 oratio,
468 2230 584 2311 quibus
613 2226 769 2293 distichon
794 2229 986 2310 impleretur.
1040 2230 1134 2291 'l'alcs

112 2340 285 2405 divisiones
300 2360 408 2403 rernm
428 2354 520 2423 puta,
541 2341 568 2403 si
582 2362 696 2403 aurum
713 2354 744 2403 et
760 2342 971 2423 possessiones
988 2362 1133 2424 agrorum

111 2468 331 2521 memorantur
354 2476 414 2537 pro
444 2455 575 2537 opibus,
605 2454 715 2515 diritius
736 2456 810 2517 adres
825 2456 907 2537 sulru
926 2458 981 2517 sili
1000 2472 1134 2536 congerat

111 2594 202 2648 curo,
228 2584 258 2633 ιι
277 2582 370 2633 latent
389 2572 459 2633 culti
475 2576 575 2649 ingero
596 2572 686 2633 multa
705 2574 771 2651 soli3
800 2570 954 2649 sinaragdi
976 2576 1027 2633 vol
1047 2594 1131 2651 gom-

111 2705 180 2747 nme
214 2696 248 2748 et
275 2698 378 2749 restes
407 2706 606 2767 purpureae,
646 2686 701 2747 ubi
731 2683 770 2747 de
799 2686 926 2747 luxuria
953 2688 1130 2766 puellarum

109 2798 231 2879 agitur,
263 2802 292 2861 0
310 2812 410 2884 percat
434 2806 591 2883 quicunque
617 2800 681 2877 tegi
708 2800 861 2883 uiridesque
888 2802 1076 2878 smaragdos,
1103 2818 1132 2863 et

107 2918 219 2975 msam
244 2914 327 2995 Tyrio
352 2917 458 2975 murice
482 2916 580 2991 tinguit
603 2934 696 2991 orem3
725 2912 853 2993 sagittae
881 2925 910 2975 et
941 2915 1043 2993 luces,
1073 2916 1130 2976 ubi

108 3024 148 3089 de
171 3025 208 3091 vi
226 3024 368 3105 Anseris,
387 3026 466 3089 Acer
484 3027 576 3089 Amor
586 3024 706 3105 fructus
726 3031 832 3087 utinum
851 3038 904 3087 tua
923 3028 981 3087 tela
1000 3032 1129 3104 sagittas,

106 3146 134 3201 si
150 3142 233 3217 dcet,
258 3143 411 3201 mincius
430 3138 644 3222 auspiciumque
656 3137 758 3218 faces,
786 3158 883 3217 rugae
902 3140 992 3201 larici
1014 3152 1045 3199 et
1064 3140 1128 3201 albi

107 3254 231 3335 capilli,
266 3252 322 3315 nbi
348 3249 388 3315 de
415 3262 591 3328 senectute,
624 3252 719 3325 tollere
744 3261 805 3311 tum
833 3271 906 3311 cura
934 3261 975 3310 est
999 3250 1079 3310 allos
1107 3272 1128 3311 a

105 3370 194 3451 stirp
211 3366 343 3447 capillis,
363 3376 391 3427 st
402 3362 513 3444 farm
533 3364 649 3449 dempta
665 3365 736 3447 pelle
755 3362 997 3445 resarciturum,
1023 3375 1128 3428 custo·

106 3476 160 3543 des
182 3490 216 3541 st
235 3480 333 3541 innisa
354 3479 476 3555 clausa,
506 3477 564 3541 ubi
590 3476 694 3541 aditus
720 3498 786 3542 non
810 3490 895 3561 patet
917 3475 955 3542 nd
977 3480 1126 3560 puellam,

104 3614 173 3657 anst
198 3597 297 3677 porra
320 3605 363 3657 cst
384 3604 500 3657 murae
524 3594 652 3656 oudodin
679 3614 767 3655 saera
784 3595 910 3676 puellae,
937 3594 1081 3655 clauditur
1100 3606 1127 3655 st

105 3709 183 3771 um
197 3714 292 3771 inrisu
300 3704 393 3789 fimo
404 3728 488 3784 mn,
509 3703 612 3769 undae
631 3717 663 3767 et
682 3706 782 3779 venti,
801 3706 857 3767 ubi
874 3701 913 3765 de
929 3703 1125 3785 navigatione

103 3840 227 3901 mmo,
246 3822 371 3883 mudum
390 3822 537 3885 ewulm
553 3827 635 3903 pinus
652 3832 853 3904 ouuuupserot
873 3819 980 3895 undas,
1004 3814 1125 3899 effusum

104 3934 427 4019 eorumdemquo
438 3938 545 4014 naum,
566 3944 619 3995 aut
634 3934 661 3995 si
673 3931 713 3995 de
727 3934 866 3995 arnume
881 3931 1009 3996 inventa
1024 3929 1124 3995 dicass

105 4053 211 4129 priam
231 4060 339 4111 aratro
356 4070 443 4111 marin
458 4050 563 4112 sollerti
569 4048 641 4130 fiscii
658 4050 745 4111 Osiris
765 4060 791 4111 et
811 4060 936 4109 lateram
949 4045 1034 4127 ferro
1049 4050 1123 4109 solli·

106 4168 198 4227 mm
217 4166 353 4240 murs,
372 4174 403 4227 et
421 4160 462 4226 de
482 4164 592 4229 sitium
613 4185 705 4228 curn:
728 4166 773 4226 irio
793 4164 888 4225 docuit
906 4173 1031 4225 tororum
1049 4163 1124 4242 polis

106 4278 260 4359 odinagm
283 4282 379 4355 diua,
407 4280 451 4341 iric
470 4278 583 4343 tiridem
605 4279 681 4341 duro
704 4278 823 4341 caedere
836 4273 918 4358 falce
938 4296 1064 4353 coruom,
1093 4288 1125 4338 et
