2468 4838
488 616 678 687 TlBULLl.
1005 646 1086 689 onvu
1153 706 1155 711 ⁴

60 788 151 855 Adde
168 789 250 855 ibid.
275 790 688 871 v.14.st11‚4,s.stl,
712 800 741 870 9,
768 801 883 859 11.12.
925 797 1027 878 Pergo
1045 794 1084 860 ad

59 907 133 969 alis.
152 936 199 953 -
249 906 444 989 Ερωαίιμὼ
470 905 566 969 totius
600 912 772 971 sententiae
793 930 919 991 gravem
940 911 1086 974 Tibullus

60 1021 157 1083 babet
177 1019 203 1098 1,
225 1023 257 1100 3,
278 1020 312 1079 4.
334 1025 373 1081 5:

197 1131 365 1195 Abstineas
387 1131 511 1209 avidas,
537 1132 628 1197 Mors
649 1154 764 1216 precor
785 1147 867 1212 stra,
896 1155 1018 1199 monus.

147 1245 335 1324 Abstineas,
357 1247 447 1310 Mors
464 1260 548 1327 stra,
581 1268 713 1330 precor,

61 1355 119 1417 ubi
139 1357 176 1418 in
195 1357 412 1439 Explications
434 1360 527 1423 etiam
550 1361 611 1423 alis
633 1359 831 1424 adduximus.
874 1360 1004 1422 Referta
1024 1362 1086 1420 huc

61 1469 155 1530 etiam
177 1471 251 1531 talia
271 1471 308 1548 1,·
321 1477 350 1549 1,
369 1479 423 1534 23.
450 1475 506 1551 IV,
531 1481 560 1552 5,
584 1482 613 1536 7.
660 1476 763 1537 Habet
784 1474 860 1536 hoec
881 1471 981 1552 ligura
1003 1469 1086 1554 opud

61 1581 226 1644 Tibullum
250 1584 345 1646 simul
371 1588 456 1649 hunc
484 1607 592 1666 usum,
619 1599 656 1649 ut
683 1588 831 1650 transitus
859 1586 899 1650 ad
927 1588 1088 1669 sequentia

60 1698 231 1774 muniatur,
252 1698 286 1759 in
304 1719 399 1780 queam
418 1716 487 1761 sem
509 1701 592 1763 conl.
604 1702 629 1778 1,
647 1708 674 1778 1,
686 1707 738 1762 63.
780 1697 875 1776 Quod
891 1720 989 1782 porro
1012 1711 1088 1761 nota

61 1809 156 1869 etiam
181 1809 228 1871 its
254 1808 342 1887 fieti,
374 1825 410 1874 ut
438 1825 511 1894 post
538 1813 638 1875 maius
669 1814 868 1878 interuallum
900 1811 939 1874 ad
969 1832 1086 1874 novum

59 1922 168 1985 locum
197 1922 465 1988 introducendum
493 1938 655 2010 repetatur
684 1929 750 1991 sive
780 1925 891 1989 iisdem
921 1927 987 1989 sive
1020 1927 1088 1988 aliis

60 2036 168 2100 verbis
202 2040 347 2119 superior
376 2040 547 2119 sententia,
584 2054 619 2102 ut
647 2041 677 2117 1,
700 2047 739 2119 6,
762 2048 815 2102 37.
847 2042 917 2102 coll.
938 2060 969 2103 v.
981 2047 1034 2102 23.
1056 2049 1088 2100 st

62 2151 86 2226 l,
110 2155 162 2228 10,
187 2157 241 2212 25.
269 2152 340 2213 coll.
360 2172 392 2215 v.
405 2158 456 2213 15.
506 2153 610 2235 Atque
632 2152 724 2214 otiam
747 2152 902 2215 clauditur
922 2153 976 2214 tali
996 2171 1088 2233 repe·

61 2261 172 2325 titione
194 2262 359 2327 commode
377 2268 466 2327 locus
491 2264 692 2340 antecedens,
715 2263 788 2326 dum
811 2275 1017 2345 proeparatur
1040 2286 1087 2326 se·

62 2396 181 2458 quens,
206 2390 242 2438 ut
263 2378 289 2453 1,
305 2384 334 2456 3,
349 2382 401 2440 51.
417 2384 469 2440 52.
491 2398 554 2460 quo
577 2375 708 2439 disticho
730 2377 885 2458 repetitur
904 2390 1012 2437 votum
1034 2398 1087 2436 su·

62 2490 168 2570 posim
192 2512 225 2553 a.
241 2496 293 2554 33.
319 2494 388 2571 Ab,
419 2504 451 2552 ot
473 2493 560 2570 11‚4,
581 2497 633 2552 20.
657 2494 728 2554 coll.
749 2514 780 2554 v.
796 2496 847 2554 15.
870 2488 945 2552 ibid.
966 2502 995 2550 et
1015 2492 1038 2565 1,
1058 2495 1088 2567 5,

64 2609 114 2667 17.
161 2602 254 2666 Adde
278 2606 302 2683 Ι,
323 2613 354 2679 2,
376 2610 430 2668 23.
452 2607 505 2666 24.
535 2604 590 2666 ubi
620 2604 805 2684 amplificato
834 2604 985 2665 sententia
1007 2602 1089 2664 redit

63 2715 104 2779 id
123 2717 253 2780 initium
273 2718 337 2779 loci
363 2741 394 2781 v.
408 2723 459 2780 16.
500 2716 584 2778 Nam
604 2716 805 2796 repetitiones
823 2717 882 2776 hae
904 2727 956 2775 aut
977 2714 1087 2775 iisdem

63 2831 169 2895 verbis
193 2832 291 2909 liunt,
314 2844 368 2891 sut
390 2830 444 2890 ubi
466 2830 549 2905 aliis,
572 2831 623 2895 vel
643 2829 805 2891 breviores
823 2841 910 2904 sunt,
932 2831 982 2891 vel
1001 2826 1089 2910 quod

63 2947 251 3027 plerumque
276 2945 395 3025 aptius,
422 2943 604 3024 ontpliorcs,
633 2956 726 3025 atque
748 2943 807 3004 hoc
829 2944 972 3004 ultimum
994 2944 1088 3004 etiam

65 3058 103 3123 sd
124 3057 301 3121 Pindarum
323 3056 431 3118 notavi
448 3055 631 3130 Naavlll,
653 3059 705 3117 34.
756 3056 860 3138 Atque
881 3057 959 3119 haec
981 3057 1088 3118 hocte-

65 3193 132 3234 uus.
151 3207 198 3221 -
241 3172 410 3252 Postquam
432 3169 471 3230 ds
496 3167 674 3250 potioribus
699 3167 895 3248 repetitionis
923 3167 1088 3230 schematis

65 3282 146 3365 apud
175 3284 338 3345 Tibullum
363 3281 444 3357 dixi,
473 3292 568 3342 restat
590 3294 624 3342 ut
644 3286 761 3341 rariora
774 3276 926 3360 quaedam
949 3281 1090 3342 afferam.

66 3394 144 3457 Cum
166 3394 239 3457 finis
259 3392 469 3456 antecedentis
492 3394 666 3455 sententiae
694 3395 727 3455 in
748 3391 839 3455 initio
861 3391 1018 3474 sequentis
1039 3413 1090 3455 re·

64 3512 198 3591 petitur,
232 3511 421 3590 maumplm
455 3521 485 3568 st
506 3510 730 3590 epauastropbm
758 3505 867 3568 dicunt
888 3518 1027 3586 veteres,
1055 3520 1091 3570 ut

66 3623 182 3700 titul,
205 3629 235 3700 1,
261 3625 324 3684 45:

147 3737 253 3800 Parva
271 3755 357 3814 seges
379 3734 453 3797 satis
475 3745 537 3810 est,
566 3730 640 3793 satis
662 3743 723 3807 est,
751 3732 947 3814 requiescere
968 3734 1047 3795 lecto

192 3848 330 3910 silicet.
385 3856 393 3865 ‘

66 3962 152 4025 Adde
173 3963 221 4038 ll,
245 3966 276 4037 5,
302 3967 381 4040 117,
406 3957 493 4043 quod
517 3959 642 4020 seluemo
664 3954 746 4037 apud
765 3966 874 4036 poetas
893 3954 1090 4035 frequentius

66 4096 130 4139 esse
157 4094 255 4157 quam
285 4073 321 4133 in
350 4093 444 4153 prosa
477 4073 620 4132 oratione
651 4079 844 4130 annotarunt
870 4068 933 4127 lom
960 4078 1092 4129 veteres.

65 4189 100 4250 ln
119 4187 209 4250 Albii
236 4199 340 4248 tamen
363 4185 552 4269 canonibus
582 4203 654 4244 rara
682 4200 751 4258 res,
784 4179 872 4262 quod
895 4196 967 4240 casu
987 4164 1097 4258 potuit

66 4302 188 4364 lactum·
215 4316 295 4361 esse.
356 4295 452 4373 Quod
486 4315 563 4360 vero
595 4297 689 4358 etism
728 4305 911 4375 usurpatam
946 4291 981 4352 in
1016 4311 1091 4354 con·
