2468 4838
480 632 665 701 TIBULLI.

148 802 209 862 Ida
230 799 312 863 milti
329 812 433 863 ennete
454 814 518 881 eet,
547 804 620 865 uuus
639 801 722 867 done
744 808 888 889 repulere

193 913 236 976 Et
255 910 524 978 medeieetnmeie
545 928 628 979 terte
651 920 751 982 ferum
772 923 923 1001 lacrimis,

144 1027 229 1088 Idr‘us
247 1024 289 1089 ed
310 1029 464 1089 tumulum
485 1029 602 1109 fugium
624 1035 821 1116 supplexque
843 1035 960 1099 sedebo

191 1138 234 1201 Et
253 1160 324 1202 mea
345 1161 419 1202 eum
437 1152 526 1205 mute
549 1143 614 1206 fetu
635 1165 753 1228 querar
773 1148 888 1212 cinere.

545 1257 616 1271 —

147 1308 269 1389 Pauper
292 1307 351 1369 erit
370 1322 497 1390 praesto
520 1312 577 1372 tibi
598 1333 736 1396 semper,
762 1328 874 1399 pauper
895 1317 992 1382 adibit

193 1422 320 1482 Primus
342 1436 371 1485 et
391 1423 426 1483 iu
445 1435 554 1487 tenero
577 1424 659 1488 fixus
680 1427 741 1490 erit
760 1433 858 1493 latere
869 1476 879 1509 ‚

150 1534 274 1615 Pauper
293 1533 326 1594 iu
349 1548 481 1617 augusto
503 1534 584 1599 fidus
607 1559 710 1603 comes
733 1542 854 1622 agmine
876 1548 987 1625 turbae

195 1646 407 1732 Subiieietque
429 1671 540 1718 manus
562 1652 737 1735 efficietque
757 1656 857 1733 viam,

152 1760 277 1841 Pauper
297 1759 336 1823 ad
360 1765 498 1824 occultos
520 1763 628 1825 furtim
653 1762 785 1828 deducet
808 1769 924 1830 anticos

194 1872 374 1957 Vinctaque
397 1874 435 1936 de
453 1874 546 1939 niveo
569 1874 712 1940 detrahet
732 1880 799 1959 ipse
821 1875 913 1961 pede.

67 1982 273 2047 Contrarium
293 2006 494 2068 progressum
517 1990 697 2070 amphorae
719 2011 738 2051 a
760 1990 947 2073 specialibus
977 1989 1017 2053 ud
1037 2012 1089 2073 ge-

66 2098 208 2159 neralius
227 2099 260 2160 iu
282 2099 331 2161 hie
354 2098 444 2163 vide:

151 2209 202 2273 Sit
222 2210 296 2273 eatis
317 2232 335 2273 e
356 2213 504 2276 membris
527 2225 651 2278 tenuem
672 2213 872 2296 pet-scindere
891 2226 1024 2293 vestem,

196 2321 246 2385 Sit
266 2324 338 2387 entis
362 2338 490 2391 ornatus
513 2325 691 2390 dissoluisse
713 2348 836 2406 comae,

148 2434 363 2502 &inlacrimat
384 2441 520 2505 movisse
542 2441 626 2502 eatis.

150 2606 247 2675 Nune
268 2609 343 2675 Ioue
365 2611 425 2672 eub
446 2607 575 2671 domino
600 2607 709 2672 ceedee
733 2620 765 2671 et
783 2610 917 2673 uulnere
938 2628 1079 2690 semper,

192 2722 289 2785 Nunc
308 2744 412 2801 mure,
431 2743 518 2784 nunc
537 2723 594 2783 leti
613 2722 697 2784 mille
718 2734 848 2803 repente
869 2723 948 2784 vine.

67 2834 267 2900 Pnecedunt
290 2837 374 2899 enim
397 2837 488 2899 etiem
511 2836 573 2912 hic,
597 2847 633 2897 ut
651 2836 684 2896 in
707 2833 902 2897 antecedenti
923 2836 1006 2910 loeo,
1025 2829 1089 2894 due

67 2951 100 3013 ri
119 2950 213 3033 parte
232 2952 375 3012 membra
399 2971 457 3032 per
476 2948 680 3028 divisionem,
704 2970 778 3011 nura
797 2949 902 3011 caedes
920 2959 948 3010 et
966 2949 1091 3022 uulnera,

68 3084 140 3125 uuna
167 3084 272 3141 mare,
298 3076 366 3125 tum
391 3063 449 3126 teti
477 3064 520 3125 ric
551 3062 742 3142 compositae
769 3061 940 3124 sententiae
966 3059 1092 3122 additur

68 3176 232 3256 generalis.
282 3176 386 3260 Atque
412 3177 457 3236 ita
486 3176 687 3254 coniungitur
706 3175 741 3234 in
770 3175 820 3235 his
842 3175 994 3254 exemplis
1015 3175 1092 3233 uliae

69 3291 161 3354 aliter
181 3288 302 3371 duplex
321 3289 501 3370 anaphorae
521 3307 614 3359 irene,
640 3308 734 3370 quem
756 3289 957 3366 explicamus.
1007 3288 1093 3348 Haec

71 3401 232 3466 hactenus.
283 3403 453 3485 Postquam
485 3399 564 3463 duee
596 3401 749 3480 legitimos
775 3398 887 3461 modos
913 3399 1093 3480 eueplrerne

70 3515 228 3596 persecuti
256 3534 380 3591 eumue,
407 3515 506 3577 verbo
527 3515 562 3575 in
589 3514 651 3576 iiue
672 3511 897 3601 distinguimur
922 3531 976 3574 eos
996 3513 1093 3588 locos,

72 3629 127 3691 ubi
148 3628 240 3691 nullu
259 3627 331 3690 talis
350 3628 432 3689 ratio
453 3629 680 3702 membrorum,
711 3639 761 3688 ut:

153 3743 240 3805 Tum
262 3741 386 3805 venium
407 3741 511 3802 subito
535 3760 593 3804 nec
615 3740 782 3823 quiequam
804 3741 926 3802 nuntiet
948 3751 1035 3815 ente,

199 3850 264 3917 Sed
283 3852 392 3918 uidear
413 3854 498 3916 cuelo
518 3854 631 3915 miesue
655 3852 762 3915 adesse
784 3853 852 3913 tibi.

156 3967 251 4028 Tune
274 3966 366 4042 mihi,
388 3968 487 4049 qualis
509 3968 585 4043 eris,
610 3968 721 4044 longoe
741 3966 866 4026 turbata
887 3963 1029 4044 capillos,

199 4077 305 4143 Obvia
327 4077 458 4142 nudatos
479 4080 572 4140 Delie
595 4098 686 4139 curre
708 4075 798 4160 pede.

74 4192 279 4276 Perspicuum
300 4204 346 4255 eet
361 4191 484 4256 diverte
506 4189 601 4254 modo
623 4191 700 4272 poni
721 4193 883 4272 repetitum
900 4191 1094 4273 perticulam,

75 4328 177 4391 neque
199 4306 337 4371 hebetur
356 4308 406 4369 iric
422 4329 495 4370 vera
519 4307 695 4388 anaphora,
718 4327 798 4388 quae
816 4312 975 4368 curuuuam
997 4313 1094 4370 seriem
