2468 4838
153 650 275 699 amm
563 626 622 692 DE
644 621 764 695 POESI

155 817 276 868 natum.
317 797 469 884 Sequitur
488 794 601 863 deinde
624 801 720 862 altera
740 816 831 881 pars,
857 794 916 861 ubi
939 796 1004 862 iam
1026 795 1100 863 iacti
1122 818 1179 862 ru-

153 918 228 983 ralis
249 918 283 979 in
303 915 410 977 herbis
430 912 561 995 ponitur
581 911 764 994 descriptio,
787 925 882 997 atque
902 913 996 975 etiam
1018 912 1180 994 fastigium

153 1051 249 1095 suave
263 1030 299 1091 in
317 1029 380 1092 fine
398 1028 536 1107 positum
553 1037 589 1088 ut
606 1038 688 1099 ante,
708 1024 764 1087 sed
786 1026 848 1088 alio
868 1023 963 1088 modo
982 1044 1080 1110 quam
1097 1038 1180 1106 ante,

155 1169 226 1212 cum
254 1155 415 1228 postremo
437 1140 558 1204 amoris
584 1141 732 1206 iuvenilis
756 1141 915 1204 licentiam
935 1139 1044 1206 videas
1071 1153 1104 1205 at
1123 1140 1180 1206 sd·

153 1267 269 1327 mixtos
283 1258 420 1323 iucunde
436 1255 562 1320 dolores
584 1258 699 1322 amoris
720 1257 936 1322 convivalibus
950 1255 1082 1338 gaudiis.
1121 1260 1180 1323 At-

154 1400 216 1463 que
248 1378 292 1440 ita
321 1375 410 1438 vides
440 1375 684 1456 pulcherrimam
718 1374 838 1458 ubique
868 1386 977 1437 artem.
1029 1375 1180 1460 Denique

152 1511 364 1556 commemoro
385 1490 490 1550 locum
515 1488 554 1565 ll,
576 1487 607 1564 4,
628 1491 746 1549 27-50.
770 1488 843 1550 satis
866 1509 1024 1569 magnum,
1045 1491 1102 1553 ubi
1123 1488 1181 1555 de·

151 1605 374 1688 scriptionibus
396 1599 518 1662 duabus
539 1619 598 1681 per
620 1596 835 1678 gradationem
848 1604 1022 1666 coniunctis
1039 1603 1180 1685 primum

152 1719 325 1804 generatim
346 1726 528 1780 exsecratur
547 1715 707 1776 luxuriam
730 1718 923 1797 puellarum,
948 1728 1016 1780 tum
1037 1717 1181 1799 speciali·

151 1848 201 1900 ter
219 1832 363 1897 Nemesis
385 1829 563 1907 avaritiam3
584 1831 746 1911 propriam
764 1851 842 1894 vero
860 1833 994 1895 formam
1013 1833 1180 1917 utriusqus

152 1948 220 2010 aliis
255 1946 289 2008 in
318 1946 459 2027 partibus
493 1942 589 2004 huius
626 1940 845 2024 disputationis
877 1946 1062 2028 explicatam
1094 1945 1181 2011 vids.

149 2064 255 2146 Atque
276 2062 355 2122 haec
374 2059 536 2121 hactenus.
578 2056 751 2120 Videamus
780 2078 865 2120 nunc
892 2071 950 2122 tres
973 2073 1080 2142 partas
1107 2081 1181 2141 gra·

152 2175 299 2241 dationis.
341 2173 520 2256 Simplicior
549 2173 631 2235 ratio
662 2186 708 2236 est
734 2173 768 2234 in
798 2173 847 2236 his
875 2195 934 2255 per
958 2176 1020 2237 tria
1045 2171 1179 2236 disticha

151 2287 339 2355 continuatis
358 2286 635 2369 descriptionibus:
659 2288 684 2366 1,
702 2293 862 2365 2,17'-22.
882 2293 911 2367 5,
929 2293 1045 2352 11-16.
1063 2293 1179 2352 61-66.

153 2412 182 2484 c,
204 2408 320 2467 csso.
349 2404 389 2480 Π,
413 2408 443 2480 a,
463 2408 580 2466 53-58.
609 2404 640 2481 4,
663 2404 777 2465 39-44.
807 2408 836 2480 s,
857 2409 974 2467 21-26.
1015 2400 1080 2467 sod
1103 2417 1180 2468 sunt

151 2532 315 2604 praeterea
343 2518 404 2580 alia
430 2519 529 2581 multa
559 2518 764 2602 exquisitiora
788 2519 950 2599 exempla,
981 2536 1063 2601 quae
1090 2538 1179 2582 nuuc

151 2634 331 2697 recensebo.
368 2630 477 2693 Unum
488 2632 596 2712 paullo
610 2643 681 2692 ante
692 2629 799 2694 vidisti
810 2631 850 2708 Π,
864 2637 893 2708 5,
906 2631 1021 2693 83-94.
1055 2629 1178 2694 Porro:

151 2749 186 2812 in
207 2749 277 2812 loco
299 2747 324 2825 Ι,
344 2752 372 2824 9,
397 2752 511 2810 17·50.
535 2746 711 2826 obiurgatio
736 2747 828 2827 pueri
851 2744 964 2827 perfidi
982 2747 1085 2808 tribus
1104 2766 1179 2828 par·

152 2862 237 2924 tibus
260 2871 396 2936 constat,
424 2879 560 2940 quarum
583 2878 716 2943 sequens
739 2878 884 2943 quaeque
907 2859 1033 2939 gravior
1054 2870 1180 2922 antece·

152 2970 256 3034 dente.
304 2970 446 3032 Primum
468 2969 552 3032 enim
574 2993 605 3034 v.
627 2976 740 3033 17-30.
761 2983 889 3050 narrat,
915 2984 952 3035 ut
969 2973 1098 3034 intentis
1121 2971 1178 3036 ad·

151 3084 378 3149 monitionibus
399 3084 570 3146 verborum
592 3086 730 3149 oraverit
753 3084 933 3167 saepissima
956 3105 1109 3166 puerum,
1135 3106 1178 3149 ne

151 3221 229 3263 auro
258 3199 419 3282 corrumpi
443 3219 477 3261 se
501 3202 650 3280 patiatur.
699 3200 761 3261 Vel
784 3200 862 3260 haec
881 3199 1054 3279 neglexisse
1074 3200 1177 3263 malea

149 3313 294 3376 levitatis.
343 3314 410 3375 Iam
441 3331 518 3376 vero
542 3335 573 3374 v.
598 3311 713 3372 at-to.
735 3284 867 3392 exponit
887 3331 986 3393 porro
1008 3314 1103 3376 etiam
1126 3315 1177 3376 iu·

150 3448 235 3491 rasse
255 3446 390 3508 puerum
411 3426 609 3488 concussimis
630 3426 734 3489 verbis
756 3436 788 3487 et
815 3446 887 3487 cum
914 3425 1009 3503 fletu,
1031 3446 1066 3488 se
1088 3428 1176 3490 nollo

151 3540 271 3602 violare
293 3538 402 3615 fidem,
429 3536 515 3620 quod
536 3549 640 3600 tamen
659 3558 746 3610 nunc
769 3536 887 3599 fecerit.
928 3535 980 3599 Sic
1000 3539 1177 3619 periurium

152 3653 281 3718 accedit.
323 3654 474 3734 Magnum
494 3654 556 3716 hoc
575 3654 702 3731 crimen,
723 3652 780 3716 red
795 3653 832 3715 in
849 3655 963 3717 amoris
980 3655 1096 3719 affectes
1109 3674 1177 3719 non

150 3782 217 3834 tam
232 3789 382 3850 magnum
399 3770 535 3832 habetur
550 3791 645 3853 quam
661 3770 729 3833 aliis
747 3769 779 3831 in
801 3770 944 3851 partibus
960 3768 1057 3831 vitas.
1091 3768 1177 3831 Hinc

151 3885 246 3949 tertio
266 3886 337 3948 loco
360 3885 453 3947 etiam
477 3886 580 3949 officia
601 3897 823 3950 commemorat
841 3893 1000 3967 praestata
1016 3900 1121 3965 puero
1140 3881 1178 3943 in

152 4000 218 4059 sius
239 3996 400 4060 amoribus
422 4011 454 4059 et
475 4000 649 4060 carminum
671 3996 884 4060 dedicatorum
901 3993 1039 4058 laudem.
1081 3991 1177 4058 Unde

151 4113 245 4174 etiam
259 4112 373 4191 ingrati
389 4114 485 4174 animi
500 4114 602 4194 gravis
617 4116 710 4198 culpa
724 4113 858 4194 accedit3
880 4134 952 4177 nam
967 4115 1053 4176 inter
1068 4132 1180 4176 aman·

151 4237 198 4286 tes
216 4225 357 4286 omnium
374 4227 502 4289 minima
523 4228 704 4291 huiusmodi
723 4227 802 4312 quid
820 4239 990 4308 exspectes.
1032 4225 1118 4289 Satis
1137 4223 1179 4289 da

150 4340 313 4404 hocloco.
354 4340 436 4405 Vide
465 4364 551 4407 nunc
582 4345 643 4409 alia
672 4345 805 4427 pulchra
834 4343 987 4424 exempla.
1034 4341 1075 4404 In
1104 4342 1179 4407 loco
