2468 4838
1072 599 1094 642 V

75 783 140 827 cam
169 752 454 823 demonstraverint
481 752 569 827 satis,
598 745 730 815 Vossius
760 761 864 813 autem
887 748 994 815 dentre
1016 749 1093 817 duas

74 902 183 985 elegias
206 897 387 963 distraxerit
405 897 438 960 in
461 907 623 981 quattuor,
658 892 793 979 deinque
815 893 944 978 plurimi
961 895 1091 960 omnino

73 1045 269 1128 imperfectas
298 1060 366 1104 esse
399 1050 544 1103 censeant
575 1035 815 1118 compositiones
840 1035 976 1113 Tibulli,
1006 1035 1093 1120 quod

74 1207 174 1271 nuper
194 1183 324 1267 repetiit
342 1177 531 1261 Bernhardy
558 1179 592 1242 in
613 1178 745 1244 lastaria
764 1179 903 1243 literaria
923 1197 990 1242 sua.
1030 1180 1092 1242 Ac·

76 1327 187 1394 cedunt
205 1325 416 1391 dissensiones
436 1322 475 1387 de
496 1324 580 1388 tertii
600 1336 632 1387 et
652 1324 757 1408 quarti
775 1321 851 1387 libri
871 1320 992 1402 origine
1013 1338 1093 1387 non·

73 1467 148 1532 dum
171 1467 372 1550 compositae.
414 1462 503 1543 Qttae
524 1486 582 1547 ego
594 1487 665 1529 eum
681 1462 921 1542 considerarem,
940 1464 1031 1529 facile
1044 1463 1094 1528 in·

75 1615 248 1695 tdligebam
269 1613 475 1694 interpretem
497 1612 618 1698 requiri
641 1613 760 1696 optimo
776 1623 905 1696 poetas,
926 1611 982 1696 qui
1002 1631 1093 1693 prae·

72 1772 121 1822 ter
142 1759 305 1839 vulgarem
328 1756 422 1820 etiam
442 1757 602 1835 altiorem,
632 1778 728 1842 quarn
749 1754 875 1834 dbunt,
907 1755 1094 1818 hermeneu-

73 1901 165 1962 tieam
185 1898 364 1975 adhiberet,
384 1900 641 1984 compositionem
676 1912 706 1964 et
723 1900 874 1963 unitatem
898 1899 1014 1979 elegiae
1039 1919 1094 1961 cu·

73 2043 185 2124 iusque
205 2039 277 2104 data
297 2059 396 2122 opera
416 2041 623 2118 examinaret,
651 2055 748 2104 artem
768 2041 922 2124 poeticam
938 2040 1024 2105 Albii
1042 2060 1094 2104 ac·

76 2181 212 2249 curatius
223 2183 424 2266 explanaret,
448 2196 480 2247 et
491 2185 615 2248 tandem
628 2185 809 2266 profligaret
821 2184 986 2267 opiniones
1003 2205 1094 2264 prae·

77 2325 161 2385 claro
180 2336 273 2405 pocta
292 2323 446 2404 indignas.
488 2324 582 2390 Absit
603 2348 622 2389 a
643 2349 693 2390 me
713 2338 749 2389 ut
769 2337 966 2389 contemnam
986 2324 1094 2386 merita

77 2462 196 2542 egregia
221 2475 268 2527 tot
295 2465 436 2529 uirorum
469 2468 713 2547 praeclarorum,
747 2465 805 2551 qui
835 2465 962 2528 Tibullo
995 2466 1095 2546 expli-

78 2603 174 2668 cando
198 2628 327 2689 operam
350 2623 521 2683 naverunt,
552 2608 607 2671 sed
632 2608 665 2669 in
695 2608 764 2670 aliis
792 2609 888 2671 rebus
912 2608 1095 2669 versabatur

76 2743 163 2807 docta
186 2769 263 2809 cetra
285 2767 413 2823 eorum,
441 2749 473 2809 in
501 2749 559 2810 hae
582 2767 658 2811 vero
678 2759 785 2829 parte,
815 2764 910 2828 quam
930 2742 1017 2820 dico,
1049 2746 1095 2804 la·

75 2887 165 2949 borat
186 2907 250 2950 uon
268 2890 371 2951 solum
393 2887 531 2962 Tibulli,
564 2883 620 2949 scd
649 2886 742 2949 etiam
770 2886 904 2948 aliorum
923 2885 1096 2947 multorum

75 3032 261 3110 scriptorum
281 3032 509 3113 interpretatio.
548 3030 598 3095 Nc
619 3034 733 3110 nrttlta3
753 3032 816 3093 iam
832 3031 906 3093 olim
923 3029 1025 3092 editor
1040 3030 1094 3090 Ti-

75 3177 153 3237 bulli
176 3190 246 3257 post
266 3175 503 3239 Wunderliclrii
524 3189 675 3249 naortem,
698 3177 815 3239 tentavi
830 3196 914 3253 ptine
930 3175 1022 3236 etiam
1033 3172 1093 3245 bic,

76 3338 138 3398 (prro
168 3340 219 3380 nro
246 3317 422 3382 studiortun
450 3341 593 3383 nteurnnr
621 3321 702 3383 ratio
731 3322 865 3397 ferebat,
904 3315 1096 3398 adltibuique

74 3456 155 3519 idern
183 3480 283 3538 gentas
305 3461 568 3543 interpretationis
591 3463 683 3527 Albio
711 3464 796 3547 qttod
826 3482 928 3545 nuper
948 3458 1096 3533 Pindaro,

74 3602 242 3679 probatum
262 3604 370 3667 multis
392 3607 635 3687 intelligentibus
656 3609 741 3673 viris.
793 3609 839 3669 Ac
866 3608 1003 3688 primum
1025 3604 1096 3686 qni·

75 3740 145 3803 dem
166 3742 324 3809 illustravi
344 3770 598 3833 unamquamque
620 3753 748 3832 elegiam
773 3746 1019 3820 introductione,
1042 3743 1097 3803 nbi

76 3882 115 3945 de
140 3886 242 3951 causis
271 3893 408 3955 externis
438 3906 469 3956 et
499 3893 538 3957 de
566 3895 790 3975 compositione
817 3892 884 3991 ¹eins
907 3888 1097 3970 disputatum

76 4038 138 4108 est;
164 4049 205 4091 ex
226 4035 416 4112 argumentis
433 4038 528 4116 vulgo
550 4036 727 4117 praemissis
747 4030 885 4096 landabo
906 4032 934 4092 si
955 4030 1025 4112 quis
1047 4031 1098 4091 vel

79 4171 169 4234 unius
200 4175 316 4255 elegiae
346 4201 454 4243 veram
486 4182 743 4263 corapositionem
776 4175 980 4248 intellexerit,
1016 4192 1099 4233 nunc

79 4326 180 4376 antem
202 4314 386 4385 crediderint
409 4344 473 4387 non
496 4323 638 4405 possein
661 4334 821 4404 posterum
843 4316 881 4379 dc
905 4312 1021 4377 unitate
1043 4311 1099 4371 lta·
