2468 4838
95 606 173 646 xxiv
505 578 564 643 Dii
586 578 687 640 VITA

99 759 258 822 servitium
283 755 410 833 dicitur,
439 766 475 818 ut
498 753 549 816 laic
571 754 606 818 fit
626 755 660 816 in
685 750 782 816 exitu.
823 751 889 817 Nec
910 772 969 834 pro
991 749 1121 815 Nemesi

99 876 180 936 hauc
204 872 343 954 puellam
365 871 483 947 habeo,
518 889 587 931 cum
610 869 714 931 statim
735 868 871 954 primum
894 867 1048 931 distichon
1069 886 1123 931 ar·

101 989 179 1050 etius
204 985 316 1049 loedus
337 983 467 1062 indicet,
497 985 553 1047 ubi
576 983 670 1048 fidem
693 985 754 1047 sibi
779 985 959 1048 iuraverant
982 994 1123 1044 amantes

100 1112 314 1184 perpetuatur*
330 1101 441 1164 monui
468 1099 530 1161 iam
558 1120 655 1180 supra
685 1100 745 1163 hoc
774 1099 911 1161 alienum
937 1119 956 1158 a
978 1097 1124 1161 Nemesis

30 1220 33 1227 '
101 1241 224 1296 amore,
246 1229 278 1280 at
295 1218 375 1279 bene
397 1216 543 1280 convenit
564 1217 690 1279 Horatii
710 1217 824 1293 verbis,
847 1214 1020 1280 secundum
1041 1235 1123 1298 quae

101 1347 210 1417 postca
233 1335 348 1397 laesam
375 1331 468 1395 fidem
494 1333 688 1416 querebatur
711 1333 873 1411 Tibullus,
904 1346 939 1396 ut
965 1333 1124 1396 hocloco

100 1452 223 1534 puellae
244 1447 400 1512 dubitanti
423 1468 512 1511 suam
534 1446 628 1512 fidem
651 1448 788 1512 illaesam
817 1450 961 1512 allirmat.
1011 1448 1125 1511 Plures

103 1578 205 1631 autem
230 1577 346 1627 amatas
367 1563 486 1626 Tibulli
507 1584 573 1626 non
593 1565 753 1643 novimus,
784 1578 814 1629 et
833 1585 989 1647 provoces
1009 1586 1124 1647 perpe·

102 1706 170 1747 ram
192 1681 231 1746 ad
252 1682 276 1761 l,
291 1686 320 1760 5,
339 1687 399 1746 391
420 1682 513 1765 Saepe
525 1683 623 1744 'aliam
639 1689 729 1760 tenui,
755 1680 809 1744 ubi
830 1683 957 1746 minime
977 1680 1017 1743 de
1040 1702 1125 1744 ama·

102 1800 142 1861 tis
163 1796 275 1879 puellis
297 1795 414 1876 agitur,
438 1793 493 1857 sed
515 1794 553 1858 de
576 1796 688 1859 vilibus
711 1797 941 1873 meretricibus,
963 1798 1124 1880 quasiste

102 1927 243 1996 tempore
265 1910 369 1975 adibat
386 1912 543 1993 ingentem
562 1909 703 1975 dolorem
721 1913 831 1975 Deliae
853 1915 982 1977 amissae
1000 1916 1126 1997 cepres}

103 2047 205 2089 surus.
248 2026 351 2109 Atque
376 2026 453 2089 bace
472 2025 632 2088 hactenus.
651 2059 696 2073 —-

188 2143 264 2205 Post
288 2140 453 2223 Glyceram
478 2153 611 2203 amatam
635 2163 705 2205 cum
729 2144 844 2205 iterum
866 2157 988 2208 vacaret
1018 2165 1126 2208 amore

104 2252 265 2333 Tibullus,
298 2274 366 2316 non
392 2254 498 2336 inepte
528 2255 693 2338 auspiceris
715 2258 836 2339 'scripta
867 2260 907 2321 ab
937 2280 974 2322 eo
996 2262 1127 2338 Etegtdta

103 2373 168 2433 libri
185 2374 295 2454 ononi,
327 2367 383 2429 ubi
404 2367 559 2448 Sulpiciae
584 2381 615 2430 et
636 2367 779 2432 Certuttu
799 2392 922 2435 amores
951 2371 1126 2456 depingun-

104 2498 166 2546 tur.
207 2483 292 2544 llaec
309 2481 392 2542 enim
412 2492 474 2543 tant
496 2482 628 2560 pulcltra
650 2494 732 2557 sunt,
757 2482 1021 2565 quomadmodum
1042 2488 1126 2550 infra

104 2597 242 2672 ridebis,
269 2606 304 2657 nt
325 2594 352 2656 si
373 2614 438 2656 non
461 2595 615 2657 baberent
639 2595 801 2657 Tibullum
822 2608 998 2678 auctorem,
1030 2604 1126 2663 alium
1176 2592 1181 2599 ’

105 2734 229 2778 neccsse
252 2724 332 2775 esset
351 2723 487 2775 statuere
509 2723 576 2773 tum
594 2711 710 2772 vixisse
731 2712 849 2797 paritor
870 2715 1027 2792 egregium
1049 2736 1127 2795 poe-

104 2841 169 2890 tam
202 2823 400 2906 eundemque
429 2823 559 2884 Tibullo
589 2821 791 2884 simillimum.
844 2825 945 2886 lmmo
979 2827 1128 2892 Tibullus

104 2938 234 3020 scripsit,
255 2949 291 3001 ut
313 2957 384 3000 cum
404 2936 562 3020 plerisque
584 2937 659 2999 viris
681 2936 780 3000 doctis
799 2935 922 3005 iudicor
944 2943 1035 3022 copia
1056 2964 1129 3008 seu-

105 3055 271 3117 tentiarum
288 3054 381 3136 plano
398 3051 631 3118 accommodata
648 3052 856 3135 magnitudini
874 3059 1057 3138 carminum,
1080 3062 1128 3124 vis

104 3172 210 3253 paullo
232 3169 337 3233 minor
364 3189 460 3253 quam
489 3171 544 3232 ubi
568 3189 644 3234 suos
669 3169 768 3253 ipsius
791 3191 914 3233 amores
943 3176 1042 3251 canit,
1072 3174 1129 3237 sed

105 3286 177 3346 satis
206 3303 338 3347 nervosa
370 3296 401 3346 et
433 3295 617 3364 argumento
650 3288 742 3364 apta',
775 3285 960 3369 compositio
991 3290 1129 3368 panium

104 3398 329 3480 pulcherrima,
350 3394 444 3463 dictio
468 3398 666 3461 Tibullianae
690 3399 857 3462 simillima.
901 3401 956 3463 Bis
978 3414 1129 3483 expertus

105 3509 265 3594 perfidiam
286 3510 463 3591 puellarum
483 3511 616 3590 levium,
642 3533 725 3575 nunc
747 3534 822 3576 vere
847 3515 979 3576 amantis
1002 3517 1128 3595 puellae

105 3623 247 3687 sensibus
265 3621 489 3687 adumbrandis
506 3624 647 3689 animum
662 3639 793 3691 recreat.
834 3627 901 3691 Nec
922 3625 1033 3691 dubito
1056 3649 1128 3691 cum

103 3741 218 3804 Vossio
240 3739 387 3823 epistolas
410 3742 585 3819 solutorias,
609 3763 690 3825 quas
711 3744 745 3804 in
765 3743 838 3805 Vita
859 3744 989 3827 antiqua
1009 3744 1128 3807 Tibulli

103 3851 281 3933 laudantur,
300 3853 357 3917 lma
377 3854 462 3937 ipsas
483 3855 595 3934 elegias
616 3854 755 3934 intelligi,
778 3868 814 3918 ut
835 3856 976 3920 codicum
997 3858 1129 3920 Wittia·

104 3984 165 4025 nus
186 3966 225 4027 A.
246 3980 424 4032 constanter
445 3981 566 4031 tantum
584 3988 650 4030 nou
673 3988 781 4031 omues
804 3970 946 4032 nominat
970 3972 1128 4050 epistolas.

105 4078 171 4141 Nec
192 4097 318 4146 movent
339 4106 389 4148 me
413 4097 449 4147 ut
476 4085 566 4147 aliter
595 4084 726 4148 sentiam
754 4084 789 4147 in
810 4084 885 4145 Vita
908 4083 1028 4144 Tibulli
1052 4105 1128 4146 cou-

104 4195 186 4258 feeta
206 4198 245 4259 ab
263 4196 459 4282 Hieronymo
477 4198 701 4276 Alexandrino,
723 4198 777 4263 sed
798 4199 916 4261 nullius
936 4195 1039 4277 pretii,
1061 4216 1128 4257 me·

105 4324 241 4376 moratae
261 4314 411 4398 epistolae
429 4316 468 4385 ad
486 4316 654 4381 familiares
669 4315 807 4397 poeticae
827 4325 857 4373 et
872 4330 968 4394 prosa
981 4310 1126 4391 scriptae,
