2468 4838
166 591 207 633 xo
568 561 626 626 DE
649 555 769 627 POESI

167 752 198 803 et
220 738 308 801 exito
328 747 404 801 sunt
428 735 614 819 plerumque
641 734 753 797 breves
777 731 965 808 sententiae,
997 747 1116 812 eaeque
1141 728 1185 790 sic

167 851 399 916 consarcinatae
428 870 499 914 cum
528 846 655 923 ceteris,
694 858 731 908 ut
760 845 817 908 nbi
849 845 976 910 finiatur
1005 841 1185 921 exordium,

167 966 310 1031 ordiatur
339 969 459 1043 exitus,
498 984 591 1047 saepe
619 962 676 1026 vix
704 983 740 1024 ac
767 983 808 1025 ne
838 961 895 1026 vix
923 961 1053 1046 quidem
1080 958 1184 1023 dicere

166 1086 285 1166 poesis,
315 1095 442 1146 etcum
468 1081 562 1144 etiam
586 1081 621 1143 in
646 1077 751 1143 medio
774 1080 911 1143 carmine
937 1097 1004 1140 non
1028 1078 1184 1140 habeatur

166 1198 347 1263 Tibulliana
362 1198 496 1263 varietas
514 1218 573 1261 nec
591 1198 651 1260 ista
668 1198 843 1260 accuratior
859 1193 1015 1257 distinctio
1035 1193 1184 1275 partium,

165 1316 201 1381 fit
227 1327 264 1379 ut
286 1314 453 1378 uniformis
475 1313 630 1397 quaedam
654 1315 846 1397 perpetuitas
870 1332 978 1374 rerum
1003 1331 1063 1392 per
1086 1321 1184 1374 totam

165 1430 295 1510 elegiam
317 1429 470 1493 decurrat.
512 1431 560 1494 Ita
580 1431 740 1512 vulgarior
758 1430 839 1493 ratio
858 1424 943 1509 apud
960 1427 1032 1490 hos.
1072 1423 1185 1489 Tibul·

164 1542 266 1605 lianae
288 1563 365 1607 vero
387 1542 501 1622 elegiae
522 1544 670 1626 propriae
691 1554 768 1607 eunt
786 1541 993 1606 distinctiones
1015 1541 1137 1602 lormae
1155 1550 1184 1602 et

166 1655 379 1738 oppositiones
405 1676 576 1720 nervosae:
607 1654 773 1720 exordium
799 1668 830 1720 et
856 1655 958 1717 exitus
987 1650 1185 1736 perspicuam

164 1767 391 1848 longitudinem
422 1770 540 1834 habent
571 1781 603 1834 et
631 1770 723 1832 facile
752 1767 974 1833 discernuntur
1004 1789 1024 1831 a
1055 1768 1184 1846 ceteris;

165 1887 304 1965 postulat
334 1905 385 1948 ars
414 1886 595 1949 Tibulliana
626 1886 746 1950 exitum
775 1884 917 1948 distincte
948 1891 1126 1966 separatum
1155 1892 1186 1941 et

166 1996 336 2077 directum,
364 2020 431 2063 non
458 2001 719 2084 comprehensum
745 2000 807 2063 alia
832 2010 939 2081 parte,
969 1996 1042 2060 licet
1066 2015 1126 2076 per
1152 2014 1185 2056 as

166 2111 227 2173 hoc
248 2110 317 2173 lieri
337 2115 436 2195 possit
454 2126 538 2177 recte
555 2127 585 2179 et
603 2114 721 2177 lactum
741 2114 781 2177 sit
800 2134 912 2195 saepe3
933 2112 1076 2177 similiter
1092 2130 1186 2175 exor-

167 2223 255 2287 dium
276 2223 456 2291 distinctum
482 2238 580 2307 amat,
612 2223 699 2311 quod
724 2229 819 2291 semel
840 2224 875 2289 in
901 2225 1033 2309 elegidio
1054 2226 1113 2304 IV,
1136 2229 1188 2288 ts.

167 2360 239 2401 cum
264 2343 467 2424 sequentibus
493 2344 659 2406 confusum
685 2342 810 2420 videas,
839 2344 934 2424 vulgo
961 2354 1067 2408 autem
1094 2361 1186 2420 argu·

166 2467 273 2517 mento
296 2477 355 2518 suo
377 2461 460 2521 clare
482 2457 649 2522 discretum
669 2459 829 2541 reperitur
848 2480 867 2520 a
890 2451 1018 2534 ceteris3
1048 2454 1186 2535 denique

166 2567 202 2629 in
231 2567 335 2633 medio
364 2570 501 2664 carmine
530 2593 626 2655 quam
653 2573 717 2636 sint
743 2573 849 2637 omnia
878 2573 968 2637 claris
991 2570 1103 2633 lormis
1131 2589 1187 2631 ex·

167 2681 292 2762 pressa,
325 2683 420 2746 modo
450 2697 482 2748 te
496 2683 617 2748 docuit
638 2686 734 2767 longa
761 2683 947 2768 disputatio:
981 2683 1066 2747 unde
1093 2682 1131 2747 fit
1156 2696 1187 2747 ut

166 2790 250 2858 tonus
271 2799 376 2873 elegiae
397 2799 570 2859 {Tibulle‘onue
593 2804 679 2881 «guasi
703 2800 847 2884 quaedam
868 2797 1089 2863 arcldtcotoniou
1111 2808 1187 2859 stru·

168 2921 253 2971 ctera
273 2932 332 2973 cese
350 2912 410 2972 dici
424 2920 519 2994 posui.
562 2911 664 2988 Qttam
683 2934 752 2976 rem
770 2934 856 2976 nuuc
876 2912 970 2974 etiam
991 2913 1187 2994 singulorum

169 3025 343 3086 carminum
365 3046 513 3090 recensus
535 3027 669 3092 docebit.
717 3027 773 3091 Est
795 3027 914 3090 classici
935 3027 1098 3109 scriptoris
1122 3046 1188 3090 non

169 3138 271 3199 solum
297 3151 397 3203 totum
420 3163 541 3224 ponere
568 3148 743 3227 poeticum,
773 3141 943 3207 sedetiam
967 3155 1073 3225 partes
1093 3143 1189 3205 totius

168 3254 304 3314 maxime
321 3254 514 3336 commodas,
536 3278 617 3340 quae
634 3254 766 3318 reddant
782 3267 866 3319 recte
883 3267 914 3318 et
929 3255 1059 3339 pulchre
1077 3266 1189 3333 totum,

169 3385 229 3426 nec
256 3379 357 3446 potest
385 3371 517 3448 intelligi
543 3381 700 3433 structura
729 3370 891 3449 carminis,
927 3368 988 3432 nisi
1015 3381 1189 3453 utrumque

169 3482 378 3559 perspexeris.
427 3478 566 3557 Quaeras
588 3483 684 3563 igitur
711 3503 787 3553 sane
809 3481 897 3567 quod
922 3481 964 3546 eit
987 3482 1109 3559 thema,
1139 3482 1191 3547 oui

170 3590 218 3652 rei
238 3588 426 3657 destinatum
443 3595 483 3657 sit
504 3617 644 3675 carmen,
665 3609 701 3661 nt
719 3619 886 3678 cognoscas
908 3595 984 3681 quid
1001 3598 1079 3663 velit
1095 3609 1204 3679 poeta.

171 3714 202 3764 et
222 3705 257 3765 in
279 3726 344 3788 quo
364 3707 467 3771 unitas
488 3730 595 3772 rerum
617 3709 708 3785 insit,
738 3709 881 3774 sednon
904 3711 1009 3774 minue
1029 3711 1063 3773 id
1089 3732 1192 3789 cures,

171 3830 209 3881 ut
228 3818 349 3885 dividas
369 3839 452 3889 recte
473 3825 632 3889 unitatem.
683 3823 778 3903 Quod
798 3846 897 3907 genus
920 3825 1115 3909 quaestionis
1137 3827 1193 3910 qni

172 3937 263 4015 parvi
284 3936 402 4001 ducunt
423 3940 458 4001 in
487 3943 693 4026 explicatione
714 3956 873 4021 veterum,
904 3941 995 4025 quasi
1015 3941 1095 4005 levis
1122 3960 1192 4003 mo·

173 4053 270 4112 menti
290 4052 342 4131 sit,
369 4054 522 4117 falluntur
542 4057 679 4138 egregia3
709 4056 763 4119 sed
785 4077 852 4120 non
872 4055 971 4119 facilis
991 4054 1111 4138 usique
1132 4076 1193 4132 τοῦ,

174 4181 256 4242 quae
278 4163 371 4227 etiam
392 4188 484 4231 usum
505 4171 648 4252 requirit.
697 4169 809 4252 Neque
835 4168 918 4231 enim
944 4170 1047 4231 solum
1072 4168 1193 4247 logicae

173 4273 293 4353 legibus
314 4277 504 4361 respondere
525 4278 618 4345 debet
637 4281 757 4360 divisio,
778 4279 832 4344 sed
853 4281 946 4344 etiam
968 4300 1114 4363 poeseos.
1154 4279 1193 4341 ln
