2468 4838
536 596 718 664 TlBULLl.
1052 624 1129 665 ων

192 767 280 831 Rure
305 767 382 831 levis
404 786 502 832 verno
523 766 619 830 flores
640 767 706 851 apis
726 765 838 847 ingerit
858 769 964 844 alveo,

236 879 403 963 compleat
424 892 460 943 ut
484 877 568 945 dulei
591 882 692 944 sedulo
714 882 806 944 melle
828 883 927 946 favos.

105 991 225 1057 Videas
247 992 357 1057 eadem
379 994 414 1057 iu
436 993 504 1057 aliis
528 995 638 1059 formis
659 995 919 1063 enuntiationum.
961 993 1012 1060 sic
1033 999 1125 1078 vulgo

104 1108 200 1169 etiam
230 1084 324 1185 alias}
363 1107 420 1169 ubi
450 1107 650 1171 continuatur
679 1106 763 1171 idem
793 1108 983 1185 subiectum,
1022 1122 1126 1177 auant

104 1221 309 1301 interponere
329 1220 392 1299 atta,
419 1240 460 1283 ne
480 1221 627 1301 langueat
646 1221 766 1298 oratio,
798 1233 835 1285 ut
856 1222 889 1298 1,
911 1229 949 1299 2,
970 1227 1029 1286 582

188 1333 241 1393 Tu
262 1343 369 1394 tamen
391 1331 548 1399 abstineas
572 1334 658 1401 aliis:
687 1355 761 1397 uam
782 1347 886 1399 cetera
910 1345 1016 1399 nannet

237 1442 368 1510 Omnia:
397 1444 437 1510 ds
458 1468 510 1511 me
531 1469 597 1512 uno
618 1449 731 1513 sentiet
754 1451 799 1512 ills
820 1447 916 1525 nihil,

104 1555 160 1620 ubi
182 1557 270 1620 coni.
290 1561 534 1624 annotationem.
569 1565 678 1645 Atque
699 1560 819 1625 addunt
840 1561 969 1625 omuino
993 1560 1028 1623 in
1048 1579 1124 1623 son-

103 1668 282 1732 tinuatione
295 1670 454 1754 ,eiusdem
480 1675 727 1739 constructionis
760 1674 904 1740 seeuutlis
937 1686 991 1737 aut
1026 1674 1125 1739 tertiis

104 1784 255 1847 membris
269 1806 361 1869 *nuno
380 1787 441 1849 hoo
463 1808 547 1852 nuuc
567 1787 646 1853 illud
667 1787 707 1854 ad
728 1786 875 1853 olendum
895 1801 928 1852 et
948 1785 1124 1869 augendum

104 1897 257 1977 vigorem.
300 1899 333 1977 1,
355 1906 392 1981 6,
411 1905 472 1964 st:

190 2009 268 2073 Non
289 2031 346 2093 ego
367 2023 399 2075 te
419 2025 552 2097 propter
570 2034 667 2097 pareo
691 2014 749 2078 tibi
755 2059 766 2094 ‚
793 2013 847 2078 sed
870 2025 923 2076 tua
944 2024 1042 2077 mater

233 2125 290 2188 Ma
309 2139 415 2191 movet
437 2139 532 2212 atqua
551 2128 615 2193 iras
637 2151 730 2193 aum
749 2128 844 2195 vincit
865 2149 948 2193 auus.

103 2241 136 2312 1,
156 2243 194 2317 6,
216 2240 276 2303 to:

190 2351 279 2415 Haec
302 2349 358 2416 ubi
377 2351 528 2417 Bellonae
548 2364 638 2415 motu
658 2365 705 2417 est
725 2352 855 2435 agitata,
882 2373 941 2419 nec
967 2372 1069 2415 norem

233 2463 422 2544 Flammamt
449 2486 515 2529 non
535 2486 632 2529 umas
655 2466 786 2532 verbera
805 2476 888 2530 torta
908 2465 1005 2527 timet.

104 2583 137 2661 Ι,
159 2590 198 2662 9,
218 2587 282 2645 22:

188 2693 255 2758 Ure
276 2714 382 2757 meum
404 2693 511 2777 potius
529 2691 655 2757 flamma
677 2705 822 2776 caputet
843 2703 914 2775 pete
936 2693 1021 2756 ierro

233 2804 359 2888 Corpus
380 2820 411 2871 st
431 2813 531 2871 idone
552 2808 685 2873 verbera
707 2818 793 2888 terga
813 2827 893 2871 seeo.

104 2920 154 3000 11,
179 2925 216 2999 1,
238 2925 299 2981 σει

190 3032 262 3116 lpse
282 3032 427 3114 interque
447 3050 555 3112 greges
575 3030 721 3113 interque
744 3039 885 3092 armenta
906 3025 1029 3110 Cupido

232 3143 335 3209 Natus
357 3122 386 3206 el
406 3145 556 3207 indonatus
578 3140 692 3206 dicitur
716 3143 799 3204 inter
819 3159 927 3225 equas.

104 3256 151 3335 11,
174 3263 211 3336 t,
233 3263 286 3320 οι.
307 3263 366 3321 se:
794 3256 800 3267 '

188 3371 319 3453 Sancte,
352 3373 427 3436 veni
446 3369 579 3453 dapibus
601 3368 705 3448 lestis,
731 3365 787 3431 ssd
811 3386 894 3450 pono
915 3364 1040 3448 sagittas

231 3484 272 3547 Et
291 3485 403 3567 procul
423 3482 567 3546 ardentm
587 3480 661 3546 hinc
682 3502 784 3566 precor
806 3477 887 3544 abde
907 3479 999 3543 faces.

107 3595 138 3672 l,
159 3600 197 3673 6.,
218 3600 278 3658 37:
363 3664 367 3671 ,
882 3668 886 3673 ,

190 3738 620 3756 -------
650 3727 714 3770 non
736 3725 830 3769 saeta
854 3723 966 3768 recuso

232 3819 391 3901 Verbera,
420 3817 557 3885 detracto
577 3840 643 3884 non
665 3841 717 3899 ego
736 3818 840 3883 vincla
863 3814 990 3899 pedum.

109 3932 162 4005 ubi
183 3933 268 3997 conl.
285 3933 528 3997 annotationem.
570 3933 653 3997 Hinc
674 3951 772 4015 porro
793 3929 868 3992 talia
884 3927 1025 4011 placent:
1051 3927 1074 4002 l,
1094 3930 1123 4001 5,

110 4049 157 4111 ⁴4.
202 4050 234 4127 l,
256 4056 293 4127 8,
315 4054 374 4114 62:

191 4159 276 4239 Quid
299 4173 431 4244 prosunt
451 4173 549 4237 artes,
575 4160 723 4223 miserum
744 4155 772 4219 si
791 4153 911 4238 speruit
933 4165 1085 4218 nutantem

235 4276 273 4338 Et
295 4275 373 4355 lttgit
398 4296 438 4335 ex
461 4276 529 4356 ipso
554 4294 640 4335 sacua
663 4272 758 4353 puella
779 4266 873 4331 toro?
