2468 4838
498 614 684 683 TlltULLl.
981 640 1101 682 cxxxm

79 779 263 867 opponitur
296 785 348 850 hie
382 783 555 851 secundnm
590 784 745 851 distichon
779 784 882 869 primo
912 798 943 850 et
973 785 1099 848 tertium

76 912 209 982 quarto,
242 912 275 964 et
304 898 492 965 describitur
518 902 566 966 vis
593 920 683 982 sagae
709 922 768 982 per
796 918 910 982 supera
940 910 971 963 et
997 899 1101 961 iniero

74 1015 144 1078 loca
167 1013 333 1097 pertinens
361 1013 485 1105 duobus
507 1015 637 1098 paribus
659 1013 864 1077 distichorum
888 1015 947 1091 sic,
978 1023 1014 1075 ut
1034 1012 1100 1093 pri-

76 1150 162 1191 mum
179 1148 316 1210 superae
334 1141 365 1192 et
380 1129 499 1192 inieras
518 1149 569 1192 nes
586 1139 825 1211 componantur,
846 1125 957 1189 deinde
973 1125 1100 1188 inverso

77 1239 189 1304 ondins
206 1243 329 1304 inieras
345 1252 378 1303 el
393 1262 535 1324 superae.
576 1239 666 1318 Quae
682 1237 850 1303 admodum
870 1239 973 1303 suavis
990 1240 1101 1300 forma.

77 1355 257 1417 Memocavi
275 1356 362 1418 hunc
381 1356 486 1419 locunt
506 1356 569 1418 iam
589 1375 701 1437 supra,
722 1374 795 1417 cum
814 1351 854 1415 de
876 1351 1100 1433 compositione

78 1462 325 1548 desuiptionum
352 1466 438 1550 apud
463 1469 626 1531 Tibullum
650 1467 796 1531 dicerem.
845 1464 907 1529 Sed
935 1486 1020 1527 nuuc
1044 1466 1102 1526 ob·

78 1601 168 1643 serva
190 1581 285 1643 etiam
305 1581 340 1642 iu
360 1581 437 1664 ipsis
457 1579 596 1645 distichis
613 1593 730 1665 quanta
752 1581 791 1642 sit
812 1577 1004 1640 concinnitas
1021 1575 1100 1640 divi-

77 1694 216 1755 sionum.
257 1693 380 1776 Nempe
406 1695 536 1776 propris
564 1696 625 1757 luit
644 1694 772 1757 Tibullo
794 1693 872 1753 haec
899 1692 946 1752 vis
974 1689 1100 1770 ingenii,

77 1819 113 1868 ut
142 1804 263 1889 ubique
294 1822 328 1869 se
358 1806 389 1869 ei
418 1806 586 1872 divisiones
615 1828 724 1871 rerum
755 1806 879 1881 faciles,
919 1801 1100 1865 commodae

77 1918 234 1980 oliersent
247 1929 280 1980 et
294 1918 378 1981 hanc
390 1921 525 1982 formam
537 1923 689 2003 plenaque
709 1921 814 1983 omnia
830 1919 999 1993 haberent,
1019 1936 1099 1999 quae

77 2030 245 2110 mainan,
269 2029 356 2094 unde
377 2032 493 2095 fectum
515 2045 551 2095 ut
577 2033 732 2116 exquisita
751 2032 871 2114 paritet·
892 2052 927 2092 ac
947 2028 1100 2112 simplicia

76 2144 109 2205 in
129 2144 193 2207 hoc
212 2164 327 2225 ynete
348 2144 524 2208 felicissime
545 2157 708 2223 tractaret,
734 2143 999 2229 quemadmodum
1021 2143 1100 2206 nihil

77 2269 124 2320 est
154 2258 217 2322 hoc
249 2259 322 2321 loco
353 2258 389 2319 in
421 2257 477 2320 tali
511 2276 624 2338 genem
656 2258 890 2339 compositionis
921 2257 1099 2339 pes-lectius.

76 2367 166 2432 Adde
186 2390 274 2432 nnnc
292 2368 379 2452 quod
395 2371 430 2431 in
447 2368 642 2432 antecedenti
660 2369 758 2451 capite
780 2370 897 2433 formes
917 2364 1100 2450 descriptio·

77 2503 170 2561 num,
191 2483 309 2565 quibus
328 2483 445 2545 referte
459 2482 579 2545 Tibulli
599 2483 703 2565 poesis
723 2495 786 2560 est,
809 2481 850 2544 ad
869 2480 1098 2544 distinctionem

77 2607 256 2659 accuratam
275 2596 415 2677 partium
436 2596 614 2658 notavimus
634 2594 739 2658 redire
760 2614 884 2672 omnes,
910 2594 990 2656 adde
1011 2594 1099 2677 qnod

77 2708 245 2772 universae
266 2709 381 2789 elegiae
398 2708 596 2771 Tibullianse
617 2720 804 2770 structuram
824 2708 884 2769 hac
904 2708 1020 2770 sirtille
1041 2708 1100 2768 niti

76 2819 232 2887 vidimuss
264 2820 379 2884 senties
400 2840 496 2883 unam
517 2821 713 2904 eandemque
732 2819 851 2901 ingenii
874 2819 1013 2903 artisque
1035 2818 1098 2882 cim

75 2935 243 3017 propriam
262 2946 444 3013 regnantem
465 2933 500 2994 in
520 2934 657 2996 minimis
678 2945 710 2996 et
731 2933 876 2996 maximis
900 2932 1100 3013 compositio·

77 3046 171 3110 nibus
192 3047 289 3109 huius
309 3066 453 3127 poeseos.
503 3046 607 3127 Atque
628 3047 707 3108 haec
727 3045 848 3123 obiter3
879 3047 952 3108 satis
972 3044 1040 3105 dixi
1061 3044 1099 3105 de

76 3160 242 3224 divisionis
273 3159 415 3222 artificio.
435 3190 479 3205 -
530 3155 623 3218 Addo
652 3155 789 3239 denique
818 3154 905 3219 aliud
932 3156 1101 3217 consimile.

77 3271 226 3335 Vidimus
244 3283 281 3333 nt
299 3268 506 3334 divisionibus
526 3281 558 3331 et
576 3268 650 3331 inds
669 3280 739 3330 octa
758 3266 958 3350 oppositione
976 3266 1103 3327 exsistat

78 3406 214 3451 nervosa
236 3383 391 3470 quaedam
412 3383 603 3446 concinnitas
620 3383 852 3460 membrorum
874 3379 1001 3445 exsistet
1021 3398 1098 3442 vero

79 3498 187 3563 eadem
209 3500 304 3561 etism
324 3498 392 3560 aliis
414 3497 666 3579 oppositionibus
686 3496 916 3573 membrorum,
945 3491 1099 3577 siquidem

80 3633 143 3676 non
161 3613 200 3675 iu
218 3612 296 3675 solis
316 3608 522 3674 divisionibus
543 3621 654 3688 regnat
672 3609 839 3689 multiplex
859 3610 908 3671 vis
927 3610 1101 3690 oppositio·

80 3728 143 3805 nis,
165 3723 340 3789 sedetiam
358 3722 393 3785 iu
415 3722 483 3785 alita
504 3723 614 3785 formis
635 3721 787 3784 orationis
808 3720 852 3784 sic
873 3721 948 3803 fingi
968 3736 1100 3802 possunt

81 3839 267 3916 sententiae,
289 3849 326 3900 ut
346 3856 497 3900 nervosae
516 3847 548 3898 et
568 3835 740 3898 concinnae
762 3833 977 3914 oppositiones
995 3832 1100 3895 orian-

82 3963 141 4015 tur.
180 3950 266 4015 Vide
287 3951 449 4031 exempla:

164 4091 308 4156 temus
324 4091 379 4153 ille
398 4088 476 4167 fuit,
504 4089 576 4171 qui,
604 4100 631 4148 te
654 4106 723 4150 cum
746 4096 851 4168 posset
872 4084 1004 4159 habere,

208 4205 361 4271 Maluerit
379 4202 507 4286 praedas
528 4203 642 4265 stultus
664 4213 695 4263 st
715 4220 802 4263 orma
823 4200 921 4298 sequi.
