2468 4838
141 621 260 664 cxxxvi
547 597 605 661 DE
628 594 747 663 toust

138 771 180 832 lais
211 791 317 834 secum
345 771 487 849 fruatur,
526 781 695 853 antequam
726 790 803 833 mors
831 768 937 831 veniat
965 780 998 831 et
1025 781 1164 834 sanatus.

138 885 301 947 Postremo
322 881 427 947 denuo
451 882 584 965 repetita
606 883 763 966 oppositio
785 883 849 945 belli
865 888 966 966 otiique
990 878 1165 962 domestici,

140 999 300 1060 divisionem
327 1011 358 1060 et
381 1003 484 1082 paucis
511 1008 655 1059 eontanas
683 1000 756 1059 vitas
782 993 897 1058 claudit
921 1007 1035 1059 totum.
1086 998 1164 1058 Per-

141 1114 247 1194 spicua
275 1134 314 1175 ex
342 1113 391 1173 his
418 1130 586 1192 cognoscas
613 1110 777 1193 propriam
802 1109 936 1172 formam
961 1109 1163 1173 Tibullisnas

142 1226 345 1303 elocutionis,
372 1223 446 1287 licet
466 1225 568 1287 fatear
589 1201 809 1306 argumentum
829 1222 923 1287 huus
946 1223 1063 1303 elegiae
1083 1242 1163 1305 prae

143 1340 211 1402 aliis
238 1340 344 1404 favere
372 1339 633 1421 oppositionibus.
685 1334 895 1403 Observatum
918 1356 1012 1418 saepe
1036 1349 1085 1400 est
1106 1338 1163 1399 At·

144 1454 231 1515 bium
247 1472 312 1514 non
330 1452 446 1514 imitari
460 1452 613 1532 Graecos;
638 1473 743 1535 neque
758 1472 836 1516 vero
852 1453 955 1519 solum
976 1449 1015 1513 de
1035 1451 1166 1530 singulis

142 1567 354 1629 locutionibus
379 1577 409 1626 ot
432 1565 717 1629 constructionibus
743 1563 777 1626 id
800 1563 902 1642 dicas,
933 1561 988 1627 sed
1008 1576 1072 1628 lota
1093 1568 1167 1628 laec

143 1681 284 1742 rhetorica
303 1677 406 1758 firmo
434 1682 567 1740 orationes
593 1677 729 1741 Graecae
757 1677 887 1757 originis
914 1696 981 1739 non
1009 1689 1073 1757 eat,
1108 1698 1167 1741 nee

145 1792 274 1857 Graecis
296 1792 419 1871 elegicis
441 1791 657 1873 frequentatae
677 1801 751 1853 sunt
768 1790 828 1853 hae
848 1788 1016 1853 divisiones
1039 1803 1168 1853 exactae

145 1919 176 1969 et
199 1903 414 1986 oppositiones
437 1904 611 1984 plurimae,
638 1915 793 1986 quantum
815 1903 969 1969 coniicers
988 1904 1081 1980 lieet,
1110 1903 1169 1968 sed

145 2018 289 2082 Romano
311 2028 424 2098 poetae
447 2017 606 2098 propriae.

211 2151 275 2215 sat
307 2151 457 2235 quoniam
493 2170 590 2233 supra
621 2150 867 2233 amplificationem
896 2173 950 2236 per
982 2160 1175 2238 repetitiones

146 2267 270 2328 eiusdem
288 2270 438 2328 sesamae
459 2262 527 2326 dixi
549 2265 683 2325 alterum
705 2264 893 2344 palmarium
917 2265 1081 2330 artificium
1103 2270 1170 2334 elo·

148 2380 282 2442 cationis
310 2380 478 2457 elegiacae,
505 2398 561 2456 age
589 2397 676 2438 nunc
701 2375 867 2439 redeamus
891 2379 984 2440 ctiam
1012 2378 1052 2441 ad
1077 2380 1170 2461 hanc,

149 2504 181 2555 et
210 2512 439 2573 persequamur
469 2510 551 2573 quae
582 2487 622 2550 ds
653 2491 720 2553 cius
751 2508 813 2551 usu
841 2490 960 2552 Tibulli
994 2512 1089 2557 causa
1119 2496 1183 2574 hic,

150 2603 289 2666 notanda
314 2601 472 2667 videntur.
523 2599 678 2665 Videmus
705 2621 774 2664 eam
801 2602 875 2663 satis
903 2604 1016 2666 crebro
1045 2606 1107 2668 iam
1136 2608 1171 2670 in

102 2752 120 2793 0
151 2716 278 2778 Graecia
301 2716 495 2796 fragmentis,
517 2734 588 2775 cum
610 2727 719 2777 contra
737 2711 906 2779 divisiones
926 2716 1107 2782 rarissimae
1127 2721 1173 2785 ibi

151 2832 222 2895 sina
264 2832 385 2894 Tibulli
404 2833 560 2894 rationem
581 2832 659 2894 haec
680 2833 825 2915 exempla
846 2829 1032 2896 ostendunt:

234 2966 357 3030 Fictilia
379 2966 527 3048 antiquus
550 2965 687 3046 primum
711 2965 772 3029 sibi
793 2965 1013 3046 fecitagrestis

281 3078 415 3156 Pocula,
444 3075 483 3139 de
504 3078 588 3140 facili
609 3078 848 3162 composuitque
869 3081 947 3144 tuto.

238 3247 342 3311 Parva
362 3265 449 3326 seges
470 3244 543 3307 satis
565 3257 627 3323 est,
658 3245 732 3308 satis
754 3258 800 3308 est
820 3244 1018 3329 requiescere
1040 3249 1124 3312 lecto

280 3359 315 3420 Si
338 3360 425 3434 licet,
454 3369 484 3420 et
506 3357 765 3423 solitomembra
787 3360 892 3424 levare
913 3371 997 3426 toro.

240 3523 294 3584 Me
316 3523 453 3584 retinent
475 3522 612 3586 vinctum
637 3525 794 3589 formosae
815 3528 919 3591 vincla
938 3530 1078 3612 puellae,

282 3636 323 3697 Et
346 3632 440 3698 sedeo
466 3634 561 3698 duras
583 3636 700 3700 ianitor
722 3652 793 3702 ante
816 3641 912 3706 lorcs.

625 3757 697 3772 m

239 3807 286 3868 Te
307 3817 439 3889 propter
459 3806 563 3868 nullos
584 3809 677 3869 tellus
698 3819 752 3890 tua
776 3811 914 3891 postulat
935 3809 1069 3884 imbres,

284 3917 383 3983 Arida
404 3939 461 3982 nec
482 3918 594 3983 Pluvio
617 3921 772 4003 supplicat
793 3923 893 3985 herba
915 3921 996 3986 Iovi.

243 4088 292 4150 Tu
310 4091 422 4168 procul
439 4088 514 4152 hinc
532 4091 628 4170 absis,
651 4091 702 4154 cui
719 4090 852 4152 formam
871 4087 1008 4153 uendere
1027 4108 1104 4152 curs
1120 4097 1179 4164 est·

283 4200 322 4261 Et
344 4202 478 4281 pretium
500 4205 594 4283 plena
616 4201 732 4283 mande
753 4202 871 4267 referre
893 4222 1000 4267 manu.
