2468 4838
151 633 213 677 aux
556 612 615 678 DE
636 609 759 680 Potest

154 796 207 848 aut
226 784 383 869 Propertii
401 785 484 849 illud
510 787 541 863 l,
562 792 599 867 3,
620 792 660 850 21
679 804 748 872 sqq.
790 786 828 850 lit
847 787 990 850 usedout
1013 788 1072 864 14,
1094 792 1125 850 3.
1138 789 1170 851 4.

152 899 334 963 suavissime
356 900 545 981 repetentist
705 916 708 921 '

174 1036 176 1041 ·
238 1012 281 1075 Et
298 1010 394 1075 modo
415 1013 575 1075 solvebam
595 1023 701 1075 nostra
724 1008 763 1073 de
787 1011 891 1074 lronte
913 986 1047 1075 corollas

179 1178 183 1185 .
267 1126 505 1208 ·Pousbamque
526 1125 603 1204 tuis,
633 1123 784 1207 Cynthia,
817 1125 1030 1206 temporibus,

239 1237 280 1300 Et
298 1237 393 1301 modo
415 1239 587 1319 gaudebam
608 1241 713 1321 lapsos
734 1241 871 1300 formare
893 1240 1038 1320 capillos,

282 1350 377 1413 Nunc
398 1353 515 1415 furtiva
536 1353 619 1415 cavis
640 1373 735 1434 poma
756 1350 869 1414 dabam
892 1354 1050 1415 manibus.

152 1464 228 1526 Tale
256 1484 352 1546 porro
380 1467 440 1528 hoc
467 1479 513 1527 eat
541 1464 799 1547 epanadiploseos
825 1467 1006 1545 exemplum
1031 1462 1170 1526 dulcissi-

152 1597 237 1637 mum
259 1576 344 1658 apud
365 1578 539 1641 Homerum
566 1580 603 1641 11.
618 1579 731 1654 XXII,
753 1583 833 1641 127:

155 1764 158 1769 ¹
240 1680 294 1755 Οὐ
310 1688 377 1771 μέν
393 1711 463 1763 πως
481 1688 546 1757 νῦν
561 1692 653 1757 ἔστιν
669 1681 739 1759 int
758 1681 855 1775 δρυὸς
872 1677 942 1755 οὐδ’
959 1676 1169 1773 ἀπό-πέτρης

241 1800 296 1889 Τῷ
323 1791 552 1889 ὀαριζέμεναι,
585 1797 645 1868 ἅτε
673 1801 849 1886 παρθένος
876 1789 997 1885 ἦλθοός
1020 1824 1078 1879 ss,

215 1913 422 2002 4Παρθένος
448 1904 566 1998 ἠΐθεός
590 1903 618 1978 τ’
645 1903 816 2002 ὀαρίζετον
842 1904 1028 1999 ἀλλήλοιϊν.

151 2024 213 2087 Sed
235 2027 393 2107 pertinent
412 2027 474 2089 huc
495 2028 647 2108 imprimis
667 2028 761 2090 etiam
782 2025 996 2089 artificiosiora
1014 2023 1168 2111 quaedam

150 2159 265 2219 genera
287 2139 321 2200 in
347 2139 618 2216 antecedentibus,
649 2141 707 2204 ubi
730 2143 833 2204 locum
859 2161 924 2203 non
944 2141 1122 2217 habebant,
1150 2164 1167 2203 a

149 2272 200 2313 me
229 2250 373 2314 nondum
399 2265 580 2317 memorata.
622 2252 675 2317 Sic
696 2255 881 2337 Propertius
900 2254 933 2335 Ι,
954 2259 1014 2341 21,
1034 2260 1077 2315 26
1099 2275 1167 2339 sqq.

150 2362 224 2426 dicit
249 2364 448 2426 suavissime:

276 2477 369 2537 Hunc
391 2497 487 2557 super
509 2488 539 2537 et
559 2473 671 2553 Zetes,
700 2476 784 2537 htrnc
806 2496 904 2558 super
925 2488 958 2539 et
978 2476 1082 2541 Calais

234 2584 350 2650 Oscula
370 2589 529 2669 suspensis
549 2587 708 2652 instabant
732 2610 860 2670 carpere
880 2589 1012 2671 palmis,

276 2698 396 2790 Oscula·
413 2714 444 2763 et
465 2703 584 2764 alterna
606 2703 689 2764 ferre
711 2700 825 2784 supina
844 2722 951 2765 manu.

146 2813 213 2874 Nec
236 2814 339 2874 minus
362 2814 515 2892 elegantes
544 2826 617 2876 sunt
638 2826 800 2896 protaseos
827 2826 857 2878 et
884 2810 1062 2897 apodoeeoe
1084 2838 1168 2881 com·

146 2927 319 3007 positiones
336 2927 429 3005 tales,
450 2926 489 3003 Π,
514 2934 564 3002 18,
589 2934 641 2989 il:

233 3037 314 3099 Cum
337 3037 396 3098 tibi
418 3058 474 3100 nec
495 3039 608 3117 irater,
630 3060 688 3101 uec
712 3039 752 3103 sit
771 3038 830 3103 tibi
849 3038 931 3103 filius
949 3041 1052 3121 ullus,

226 3168 229 3172 ·
272 3151 385 3214 Frater
406 3168 473 3233 ego·
486 3166 517 3215 st
536 3151 596 3215 tibi
616 3152 675 3217 sim
696 3151 778 3216 filius
799 3164 882 3216 unus
903 3170 979 3233 ego„

145 3275 197 3325 aut
218 3264 258 3342 ll,
280 3270 309 3341 3,
333 3265 394 3328 432

229 3376 302 3439 Sive
322 3379 408 3439 illam
436 3376 597 3458 Hesperiis
623 3378 688 3442 sive
711 3376 796 3440 illam
819 3372 962 3440 ostendet
979 3376 1071 3456 Eois,

271 3486 351 3549 Uret
372 3502 403 3550 et
423 3490 524 3566 Eoos,
555 3502 624 3551 uret
647 3503 678 3552 et
698 3490 879 3572 Hesperios.

143 3598 236 3681 Apud
255 3599 426 3678 Tibullum,
447 3602 534 3664 cuius
557 3602 660 3683 poesis
677 3604 779 3665 aliena
801 3624 819 3664 a
839 3603 960 3666 lusibus
975 3605 1034 3667 etsi
1051 3607 1168 3668 iucun-

143 3712 201 3793 dis,
218 3714 297 3775 nihil
311 3725 357 3775 est
372 3734 412 3774 ex
424 3726 492 3777 toto
502 3715 563 3777 hoc
577 3734 690 3795 genere
705 3715 766 3776 nisi
778 3736 879 3778 uuum
889 3712 951 3778 hoc
963 3716 1094 3796 1v‚2‚s.
1108 3726 1167 3783 10:

227 3824 291 3888 Seu
315 3828 409 3890 solvit
430 3828 545 3904 crines,
566 3829 644 3890 fusis
663 3827 752 3891 decet
771 3848 838 3891 esse
859 3831 996 3910 capillis:

267 3939 331 4004 Seu
353 3944 502 4023 compsit,
534 3943 664 4024 comptis
685 3956 732 4003 est
750 3941 931 4005 veneranda
952 3945 1067 4015 comis,

141 4052 197 4112 ubi
227 4065 330 4114 tamen
361 4055 480 4116 fallitur
502 4055 682 4116 Husclrlcius
709 4054 783 4129 {adis
803 4077 853 4136 pr.
874 4058 951 4118 soluit
975 4057 1163 4137 coniiciens3

141 4184 244 4247 neque
276 4167 359 4227 enim
386 4165 458 4228 data
488 4187 585 4247 opera
616 4170 741 4250 quaerit
769 4171 872 4232 lusum
894 4182 989 4250 poeta
1019 4185 1164 4235 accurata

140 4279 344 4358 responsione
375 4280 560 4359 verborum,
596 4279 650 4341 sed
678 4283 776 4361 tangit
806 4293 926 4345 tantum
955 4284 1070 4347 leviter
1101 4287 1161 4349 boc
