2468 4838
204 366 208 371 .
288 356 297 371 Ι

93 622 184 667 xxm
514 598 570 660 DE
594 596 694 662 VITA

95 780 189 845 etiam
214 779 340 841 tertium
361 787 391 839 et
422 788 568 860 quartum
597 775 730 856 addidit,
764 778 798 840 iu
821 776 908 841 euius
930 775 993 840 iine
1014 777 1113 839 maui-

96 896 176 958 sesto
203 893 384 957 Tibulliana
408 893 504 972 elegia
526 913 575 954 nr.
599 897 648 954 ts.
698 890 744 954 Ac
771 889 951 974 Lygdamus
977 889 1113 974 quidem,

94 1008 183 1071 cuius
204 1027 315 1070 verum
336 1026 451 1069 nomeu
473 1005 643 1086 ignoratur,
664 1005 766 1087 potuit
787 1007 903 1069 amicus
923 1025 991 1068 esse
1008 1002 1116 1068 iunior

94 1122 230 1200 Tibulli,
260 1119 377 1203 quippe
399 1130 507 1197 natus,
529 1130 564 1181 ut
585 1119 652 1200 ipse
674 1118 763 1199 dicit,
792 1141 864 1182 ann.
887 1126 976 1197 711„
1005 1119 1114 1204 quise

95 1236 135 1298 nd
156 1234 360 1298 imitationem
381 1233 466 1298 Albii
487 1246 721 1316 composuerat,
757 1245 909 1317 quantum
930 1246 1037 1315 posset
1055 1255 1115 1316 pro

94 1352 212 1433 ingenii
231 1353 363 1414 ratione.
414 1347 531 1411 Credas
559 1330 787 1432 propemodum
814 1364 953 1433 repertas
974 1352 1033 1413 lras
1054 1353 1116 1414 ele·

95 1469 160 1547 gius
180 1468 215 1528 in
236 1464 331 1527 domo
353 1465 488 1541 Tibulli,
516 1463 573 1546 qui
600 1463 732 1526 fortasse
759 1465 827 1545 ipse
847 1485 900 1527 eas
922 1463 1117 1528 emendatius

96 1581 189 1644 edere
217 1582 375 1657 voluerat,
406 1579 434 1641 si
462 1577 549 1662 quod
577 1580 735 1660 suspicor,
766 1591 911 1643 mortuus
933 1593 1001 1642 erat
1021 1593 1116 1664 poeta

94 1705 309 1777 praematurez
342 1713 415 1754 nam
437 1712 508 1754 eum
531 1712 640 1757 omnes
661 1694 858 1774 imperfectae
880 1694 959 1772 sint,
980 1707 1117 1757 nonest

93 1821 200 1871 tamen
221 1807 364 1871 omnium
383 1807 502 1886 pariter
523 1806 682 1869 elaborata
708 1806 901 1890 compositio.
954 1808 1023 1869 lam
1042 1807 1114 1872 uide

94 1921 173 2006 quid
201 1923 298 2001 egIsse
329 1931 437 2002 putem
468 1918 635 1984 editorem:
668 1921 788 1983 Tibulli
816 1941 869 1983 eas
896 1941 962 1983 non
991 1934 1117 1985 esseut

94 2033 253 2111 crederet,
286 2032 436 2097 suadebat
463 2052 566 2093 annm
599 2035 709 2095 natalis
738 2032 880 2097 ‹liversus
910 2046 940 2096 et
973 2039 1115 2099 tractatio

93 2149 199 2213 multis
219 2146 320 2211 neoclis
340 2148 522 2230 imperfecta
551 2159 581 2211 et
609 2148 738 2227 vitiosa,
768 2161 878 2211 contra
905 2161 977 2210 ante
1007 2152 1116 2211 oculos

94 2275 162 2326 erat
183 2263 271 2325 color
293 2259 420 2345 quidam
442 2261 657 2341 Tibullianus,
686 2274 717 2324 et
737 2262 838 2326 videri
858 2276 982 2346 poterat
1004 2265 1116 2327 Tibul·

93 2380 144 2440 lus
164 2377 224 2439 sub
254 2374 315 2470 alio
344 2375 472 2437 nombre
502 2374 648 2438 cecinisse
669 2377 834 2460 positoque
856 2379 927 2440 ficto
950 2400 1035 2443 arene
1059 2400 1116 2441 ns·

93 2494 158 2570 tali,
179 2490 322 2555 sednon
343 2488 517 2552 admovisse
533 2491 674 2550 ultimam
690 2511 826 2568 uranum,
848 2492 1114 2575 quemadmodum

93 2610 187 2672 etism
213 2604 309 2670 hodie
338 2607 440 2670 vuum
470 2617 515 2667 est
545 2604 751 2688 quibusdam3
779 2609 822 2669 its
849 2608 919 2672 fieri
946 2612 1051 2692 potuit
1079 2624 1116 2674 ut

94 2724 251 2786 dubitaret
278 2721 392 2798 homo,
426 2731 568 2783 essentne
598 2741 653 2783 ese
684 2722 763 2784 alius
789 2735 899 2804 poetae
921 2746 962 2786 an
984 2727 1113 2791 Tibulli.

92 2836 198 2914 Quare
221 2857 292 2899 cum
313 2835 450 2918 relinqui
471 2855 538 2896 non
558 2849 696 2917 possent,
718 2838 835 2918 placuit
856 2837 957 2905 deleto
975 2842 1116 2919 nomine,

92 2952 179 3037 quod
201 2953 276 3031 eleg.
296 2952 337 3028 ll,
352 2957 405 3012 29.
425 2952 460 3011 in
481 2953 627 3033 exemplo
647 2953 806 3035 primitivo
826 2956 988 3035 legebatur
1009 2978 1115 3041 neque

90 3088 168 3132 vero
191 3069 354 3131 constabat
374 3086 484 3131 verum
505 3079 588 3129 esset
614 3089 655 3130 au
684 3068 806 3149 fictum',
835 3070 1033 3154 Lygdamum
1054 3094 1115 3136 no·

91 3205 166 3247 nren
194 3184 383 3245 substituere
412 3192 444 3243 et
465 3202 537 3243 cum
558 3182 619 3245 hoc
642 3184 768 3245 nonrine
791 3205 843 3247 ess
865 3185 979 3251 addere
1000 3187 1115 3250 Tibul·

91 3298 192 3361 lienis.
233 3296 406 3360 Verissims
426 3295 511 3358 enim
530 3295 609 3357 mihi
630 3318 701 3359 cum
722 3298 871 3362 Passovio
894 3295 941 3382 (in
963 3298 1116 3364 Seebodii

91 3408 231 3495 Horres)
261 3430 372 3473 sorum
393 3409 519 3474 videtur
538 3413 706 3488 sententia,
742 3413 799 3496 qui
818 3414 879 3476 hoc
900 3433 1018 3475 nomeu
1039 3435 1114 3476 cum

90 3529 183 3589 Albio
213 3525 342 3588 nomine
371 3536 610 3605 compararunt,
645 3547 716 3588 cum
745 3527 787 3588 sit
813 3516 934 3612 λύγδος
962 3528 1053 3588 albus
1082 3540 1115 3590 et

90 3638 252 3722 Lygdinus
276 3656 364 3719 onyx
384 3636 521 3721 indeque
542 3635 693 3702 deductae
707 3638 748 3701 sd
764 3638 930 3703 eandorem
946 3638 1114 3720 designan-

91 3752 167 3816 dum
194 3751 433 3832 significationes
461 3763 555 3815 notae
585 3766 689 3817 essent
717 3755 883 3836 Romanis;
929 3776 1034 3839 neque
1064 3769 1115 3820 ta·

90 3890 163 3930 nien
192 3868 337 3931 Tibullus
368 3888 462 3930 strum
489 3888 606 3930 nomen
634 3872 677 3932 sic
710 3873 848 3947 obtexit,
880 3883 915 3932 ut
946 3891 1116 3951 perperam

92 3993 273 4059 statuerunt,
295 3981 350 4045 sed
372 3981 474 4045 editor
490 3984 573 4060 libri,
594 3998 683 4048 actus
704 3988 879 4068 suspicante
896 3987 1117 4063 Lachmanno,

93 4095 137 4155 ita
157 4098 323 4177 rescripsit,
346 4101 461 4181 optime
483 4101 526 4162 sic
548 4104 715 4164 numerans
737 4125 819 4181 eum,
842 4103 900 4186 qui
920 4125 978 4167 nec
1000 4106 1115 4166 Albius

93 4208 258 4272 videbatur
280 4225 364 4273 certo
386 4213 448 4277 dici
469 4235 570 4297 posse,
592 4238 649 4279 nec
672 4237 737 4279 non
759 4218 822 4281 dici
836 4218 958 4296 Albius,
979 4230 1010 4279 et
1032 4231 1117 4280 osset

93 4324 182 4408 qumi
203 4326 263 4389 alia
284 4325 437 4410 quaedam
466 4349 601 4412 persona
628 4330 723 4394 dubia
745 4329 843 4398 Albii.
892 4330 1004 4418 Neque
1035 4356 1115 4399 vero
