2468 4838
486 582 670 648 alnum.
771 540 778 551 ’
993 608 1090 653 emt

57 756 261 842 compositio·
306 759 378 823 Alio
394 758 464 819 loco
480 757 718 837 praeclarens,
732 763 844 820 10-50.
865 760 976 821 morbo
996 775 1088 842 poeta

59 874 91 935 in
111 871 260 955 Corcyra
281 873 431 933 laborans
454 871 601 952 querelae
629 870 693 933 vim
715 890 840 933 omnem
866 875 1011 936 exhaurit
1032 877 1087 937 tri·
1126 894 1129 899 ·

60 991 120 1051 bus
148 985 420 1068 descriptionibus
450 1004 509 1064 per
542 981 757 1062 gradationem
786 984 975 1064 coniunctis,
1013 986 1088 1050 dum

62 1102 200 1184 primum
217 1122 253 1162 se
272 1110 406 1175 accusat,
427 1095 514 1180 quod
527 1096 627 1159 invito
641 1097 757 1159 Amore
772 1094 953 1175 discesserit,
974 1098 1087 1165 deinde

63 1216 178 1279 Isidem
202 1213 297 1277 deam
318 1214 484 1274 salutarem
507 1233 524 1273 a
546 1212 640 1274 Delia
661 1213 780 1274 frustra
801 1215 931 1291 cultam,
953 1213 1087 1298 denique

65 1330 225 1391 saeculum
240 1347 392 1407 praesens
410 1330 511 1386 totum
530 1325 619 1387 bellis
639 1338 670 1387 et
689 1323 826 1406 praedae
846 1326 994 1391 deditum.
1037 1330 1087 1391 De

68 1445 293 1526 compositione
321 1444 517 1522 singulorum
546 1444 689 1507 locorum
718 1463 814 1523 supra
841 1441 969 1507 dictum.
1026 1443 1089 1521 Qui

68 1562 230 1622 Tibullum
250 1556 328 1620 artis
353 1556 497 1637 ignarum
522 1570 647 1638 putant,
680 1555 799 1619 discant
828 1558 880 1619 vel
905 1577 947 1617 ex
974 1559 1088 1619 talibus

68 1666 156 1754 (nam
177 1672 296 1733 maiora
317 1668 411 1731 infra
423 1666 622 1751 videbimus),
646 1681 794 1751 quantam
809 1669 959 1732 iniuriam
973 1672 1088 1733 iaciant

67 1786 189 1865 optimo
214 1796 337 1865 poetae.
380 1784 524 1860 Ingentem
547 1783 730 1864 praeclarum
758 1787 877 1844 unitates
904 1806 999 1845 rerum
1026 1805 1088 1845 esre

65 1906 191 1983 portabas
209 1899 403 1974 monstrabat,
431 1898 586 1959 accedebat
606 1919 658 1958 ars
676 1919 732 1959 nou
752 1902 842 1959 narsus
858 1902 1030 1981 praeclara,
1057 1912 1088 1962 at

66 2029 155 2101 posset
162 2063 174 2094 ,
199 2018 273 2100 qaod
293 2021 452 2091 invertisset,
478 2017 570 2098 eloqui
585 2019 694 2096 optime.
737 2011 801 2075 Sed
822 2015 915 2095 pauci
939 2013 977 2077 ad
1003 2036 1087 2080 cout-

68 2133 254 2214 positionem
273 2128 450 2194 attendunt.
490 2131 652 2194 Finiamus
670 2151 756 2191 nuuc
773 2131 855 2191 hane
871 2130 910 2191 de
932 2131 1088 2211 gradatio-

69 2252 114 2313 nis
135 2270 195 2312 usu
213 2246 456 2329 disputationem
473 2243 682 2327 explicatione
702 2242 838 2305 duorum
855 2246 998 2308 locorum
1020 2268 1088 2327 my·

69 2367 223 2430 thieorum
246 2364 327 2427 alius
354 2364 488 2443 generis.
535 2362 660 2423 Primus
689 2371 736 2421 est
756 2359 801 2436 ΙΙ,
824 2367 858 2437 5,
880 2367 1011 2423 39-62.
1033 2354 1088 2424 ¹ubi

68 2480 188 2562 Sibylla
208 2478 248 2541 de
271 2478 392 2556 origine
416 2491 447 2538 et
471 2475 682 2555 magnitudine
711 2477 817 2539 sutura
839 2477 958 2540 Romae
980 2491 1088 2541 narrat

68 2591 140 2656 inde
161 2595 202 2655 ab
223 2594 350 2654 Aeneae
369 2591 445 2670 fuga
466 2612 483 2652 e
504 2591 616 2666 Troia,
638 2603 668 2651 et
691 2592 840 2652 continua
862 2591 998 2673 quadam
1018 2615 1088 2672 gra·

70 2705 194 2769 datione
222 2706 383 2788 praeclara
406 2702 503 2764 series
530 2702 687 2763 visionum
711 2703 890 2764 exliibetur.
940 2701 1088 2765 Ceterum

70 2831 102 2881 ut
123 2820 310 2883 historicum
329 2839 437 2879 rerum
459 2815 603 2879 ordinem
624 2829 729 2880 servm
749 2818 863 2896 elegia,
888 2818 914 2878 si
934 2820 1088 2898 poeticam

69 2934 202 2994 formam
225 2930 374 3006 admittit,
395 2932 438 2991 ita
459 2931 700 3025 geographicum
717 2931 859 2992 locorum
879 2952 964 2993 nttnc
984 2946 1089 2996 servat

70 3070 152 3111 aune
180 3059 298 3122 mutat,
326 3057 423 3127 prout
450 3045 509 3105 arti
532 3044 672 3124 poeticae
701 3047 857 3105 convenit.
903 3046 1037 3124 Confil,
1059 3056 1089 3124 7,

72 3169 108 3227 13
125 3183 216 3247 sqq„
244 3181 343 3243 porro
372 3159 448 3222 ibid.
469 3183 500 3223 u.
514 3165 608 3220 9-12
631 3171 660 3219 et
681 3160 711 3236 Ι,
726 3164 759 3235 3,
780 3165 831 3220 71.
880 3161 950 3221 Iloc
978 3162 1089 3223 obiter.

67 3278 155 3338 Alter
183 3279 273 3338 loeus
304 3277 442 3355 egregius
472 3287 518 3337 est
547 3277 622 3353 eleg.
640 3273 672 3348 I,
695 3280 724 3349 7,
745 3278 786 3333 29
804 3294 872 3355 sqq.
899 3274 955 3335 ubi
979 3274 1089 3337 laudes

70 3387 202 3455 Osiridis
219 3411 279 3471 per
298 3389 414 3451 multos
430 3407 540 3449 versus
559 3387 602 3448 sie
621 3396 785 3464 canuntur,
807 3398 842 3447 ut
861 3384 997 3468 quadam
1015 3409 1089 3452 con·

69 3505 154 3567 tinua
175 3500 360 3584 gradmione
382 3504 421 3564 ab
438 3501 528 3564 initio
547 3498 695 3562 adfinem
714 3499 863 3582 procedat
881 3504 991 3565 oratio.
1034 3505 1090 3566 Est

70 3616 158 3680 dator
179 3614 296 3693 Osiris,
321 3616 380 3691 ait,
400 3614 537 3676 laetitiae
558 3626 588 3674 et
606 3614 758 3677 felicitatis
776 3620 955 3697 praeclarus
974 3620 1087 3700 etipse

70 3735 159 3794 etiam
185 3729 376 3793 laetissimus
403 3728 490 3791 deus.
518 3798 524 3812 ⁸
549 3733 653 3813 Atque
684 3728 808 3793 orditur
837 3733 875 3790 ab
905 3733 1087 3795 inventione

69 3848 216 3912 arationis
237 3843 397 3909 laudanda
416 3860 446 3908 et
463 3859 600 3909 semente
619 3867 654 3908 ae
673 3866 840 3927 pomorum
861 3845 995 3922 satione,
1017 3850 1087 3930 qui·

68 3963 122 4025 bus
143 3964 243 4025 rebus
267 3961 356 4024 eibos
375 3959 488 4021 melior
502 3928 655 4021 debetur..
685 3957 762 4017 Inde
787 3955 826 4018 ed
847 3960 973 4020 suavius
993 3961 1087 4021 nteri-

68 4088 130 4140 tam
149 4077 271 4159 pergit,
289 4071 407 4156 ⁴uitium
426 4087 631 4137 monstratam
653 4091 759 4133 curem
783 4085 811 4132 et
833 4072 940 4133 vinum
961 4094 1088 4155 expres·

68 4210 148 4267 sum,
178 4190 273 4253 euius
298 4187 363 4248 vim
384 4187 609 4249 exhilarantem
638 4206 723 4246 nune
750 4206 806 4265 per
832 4184 945 4266 gradus
970 4187 1088 4249 laudat.

67 4304 226 4367 Postremo
261 4301 518 4385 συναθροιομῷ,
557 4302 700 4379 congerie
730 4302 892 4363 nominum
922 4305 1088 4383 praeclara,
