2468 4838
522 593 704 661 TinULLt.
1062 622 1122 667 cxv

93 768 234 851 puellam
265 766 366 829 voluit
394 768 455 831 boc
480 767 636 845 carmine,
669 767 755 851 quod
776 787 842 832 non
863 788 1030 851 poscuntur
1054 794 1118 837 non

93 883 242 961 credere,
279 881 359 946 duaa
387 880 524 946 debebat
551 883 637 946 bunc
663 882 699 945 in
728 881 857 948 modum
884 885 988 950 facere
1016 900 1118 970 partes

91 1020 222 1073 rerunt,
263 998 402 1083 primum
431 996 561 1082 quidem
591 1019 720 1063 namnre
751 1002 908 1064 nomnium
936 1012 969 1064 et
999 1002 1117 1065 tristem
1149 1040 1155 1045 -

93 1114 244 1179 nuntium
265 1111 439 1194 Apollinit,
467 1109 583 1175 deinde
606 1132 683 1177 vero
709 1110 835 1177 doloret
856 1115 1039 1199 luctumque
1062 1114 1118 1179 de·

91 1228 226 1311 pingere
245 1225 344 1289 animi
362 1225 536 1306 ingentem,
557 1245 622 1309 quo
638 1226 702 1289 iam
719 1245 760 1289 ex
778 1228 840 1290 hoc
855 1228 969 1293 nuntio
986 1230 1117 1308 laboret,

93 1340 210 1405 additia
237 1340 386 1423 precinui
415 1336 548 1403 blandit.
599 1339 694 1403 Nunc
721 1352 827 1403 autem
854 1341 996 1405 habitum
1026 1343 1118 1404 nobie

93 1454 265 1538 pulchrum
293 1450 346 1515 dei
373 1450 447 1515 data
474 1471 573 1534 opera
599 1449 762 1531 deacribit,
794 1454 851 1537 qui
876 1456 965 1518 locun
991 1456 1118 1536 longior

92 1569 145 1635 ltin
170 1569 295 1633 alienun
318 1579 382 1647 ett3
408 1567 516 1633 ieiuna
536 1569 631 1631 etiam
654 1580 686 1632 et
707 1569 775 1632 aine
796 1569 829 1635 vi
853 1581 920 1636 tota
943 1572 1115 1636 consolatio

93 1683 265 1767 Apollinis,
286 1681 384 1745 animi
395 1683 501 1746 autem
516 1684 566 1744 aui
580 1680 830 1765 desperationem
843 1683 990 1765 graphice
1003 1681 1115 1747 adum·

92 1800 188 1863 ncne
208 1815 276 1859 non
295 1796 394 1860 novit.
435 1795 585 1880 Denique
603 1794 733 1859 omniuo
749 1797 812 1860 hoc
828 1796 983 1879 ineptum,
1005 1818 1116 1881 quem

91 1906 266 1975 admodum
284 1908 350 1971 iam
365 1908 509 1993 Heyniuc
527 1908 636 1987 aenait,
660 1906 748 2041 Q!
764 1912 805 1973 ab
819 1911 966 1994 Apolline
984 1909 1116 1975 docetur

90 2022 250 2089 Neaeram
270 2021 325 2085 alii
345 2023 466 2085 nubere
482 2022 577 2099 velle,
599 2033 630 2086 ct
650 2035 714 2085 tana
733 2023 802 2088 leve
822 2024 981 2105 negotium
1004 2022 1115 2087 tribuit

91 2139 147 2203 tali
167 2136 240 2203 deo.
282 2134 448 2201 Sufficiant
467 2139 546 2204 baec
564 2139 625 2202 boc
641 2140 728 2217 loco,
749 2138 811 2201 alia
830 2137 866 2200 in
880 2137 1113 2201 commentario

91 2251 271 2317 notavi-
312 2248 436 2315 Accede
464 2250 504 2315 ad
531 2251 655 2335 reliquo
683 2251 837 2326 cumina,
868 2270 1005 2334 quorum
1033 2269 1114 2312 ncn-

90 2368 181 2429 nulla
208 2364 323 2429 malint
349 2364 538 2447 composita,
569 2376 606 2427 nt
633 2375 738 2427 tamen
762 2364 883 2446 ubique
909 2361 1068 2429 diversum
1094 2384 1113 2423 a

90 2479 221 2543 Tibullo
245 2489 371 2562 poetam
395 2479 521 2542 centina.
570 2478 789 2541 desecandum
812 2495 956 2555 cumen,
984 2474 1023 2539 de
1047 2494 1112 2559 quo
1221 2474 1228 2489 '

89 2593 230 2675 primum
248 2590 365 2672 dicam,
386 2591 497 2655 ultima
512 2590 660 2655 mandata
674 2604 787 2674 poetae
801 2590 949 2654 morituri
964 2591 1113 2653 continet.

90 2704 174 2769 Cum
194 2706 281 2771 lene
303 2724 370 2769 non
396 2705 497 2789 poaait
521 2680 665 2787 ereptam
682 2725 702 2767 a
721 2703 814 2769 rivali
835 2722 1000 2786 aponaam,
1027 2721 1113 2764 mor·

89 2830 153 2883 tem
177 2816 241 2883 cibi
267 2817 388 2881 inferre
413 2815 569 2898 decernit,
597 2839 679 2903 quoa
699 2838 811 2883 centua
835 2820 941 2883 brevia
965 2816 1113 2881 introitus

89 2934 231 3019 exponit.
272 2935 357 2999 Tum
377 2946 556 3018 coquuntur
578 2932 742 3016 mandata3
767 2934 916 3000 describit
937 2946 1041 2998 autem
1062 2953 1112 2997 ce·

88 3048 246 3131 pulcralaa
268 3048 408 3113 honoret
415 3093 426 3128 ,
457 3069 539 3133 quoa
565 3051 627 3113 aibi
650 3054 691 3114 ab
715 3063 817 3114 amata
845 3049 990 3114 exhiberi
1017 3048 1112 3129 cupit,

89 3174 246 3249 utquam
267 3164 378 3229 vitum
403 3163 594 3242 deteruarit,
623 3164 653 3226 ei
677 3175 803 3227 mortuo
830 3165 941 3225 saltem
965 3162 1111 3223 luetone

87 3290 229 3359 mutet,
267 3276 419 3364 additque
447 3280 482 3341 in
510 3277 574 3341 fine
603 3278 695 3342 etiam
722 3275 959 3357 inscriptionem
989 3272 1110 3335 tumulo

87 3390 324 3476 imponendam.
363 3390 418 3457 Sic
441 3402 546 3474 poeta.
587 3390 648 3453 Hic
672 3410 713 3451 na
735 3385 934 3452 dOconnilio
955 3382 1112 3449 moriendi

87 3500 207 3585 dicam,
231 3503 320 3589 quod
339 3504 579 3569 fundamentum
602 3504 746 3567 carminis
767 3499 991 3580 iniucundum,
1015 3521 1034 3563 a
1056 3499 1111 3563 Ti·

85 3620 169 3683 bulli
196 3631 264 3683 arte
290 3618 424 3699 cecedit,
455 3632 491 3684 ut
522 3620 587 3682 iam
614 3638 711 3700 cupra
738 3630 965 3697 memoratum,
1001 3614 1112 3699 putida

88 3730 249 3813 diligentia
281 3732 388 3796 omnia
419 3746 579 3797 momenta
613 3734 792 3816 aepulturae
824 3750 1037 3815 peraequent,
1077 3752 1112 3794 ac

87 3866 159 3909 cum
177 3846 321 3911 clautula
338 3846 485 3911 caminia
500 3848 571 3929 ipro
586 3844 649 3909 linc
667 3843 889 3908 mandatorum
907 3843 1113 3921 contineatur,

86 3958 177 4043 quod
197 3970 285 4023 recte
307 3957 378 4023 fieri
401 3960 506 4043 potuit
526 3972 558 4023 et
579 3980 639 4043 per
659 3980 694 4024 aa
718 3958 847 4021 minime
874 3979 893 4021 a
916 3958 1008 4020 nobit
1028 3958 1111 4021 vitu-

85 4084 233 4153 peratur,
258 4071 347 4133 Albii
366 4084 472 4136 umen
493 4086 595 4137 cortun
616 4092 694 4137 unua
712 4073 809 4153 magia
828 4068 981 4133 directum
1000 4086 1111 4154 pontu·

85 4188 171 4253 labat
191 4188 316 4251 exitum
335 4188 430 4253 linitio
447 4187 613 4253 mandatio.
652 4187 764 4255 Exitus
785 4184 956 4251 indirectoa
973 4183 1110 4248 vidimua

87 4302 126 4365 alt
147 4314 261 4367 exacta
284 4313 441 4368 structura
462 4305 660 4369 Tibullianae
685 4304 800 4383 elegiae
826 4304 960 4379 alieuot,
989 4300 1047 4366 atti
1068 4302 1108 4365 ab

751 4416 772 4478 lt
796 4422 815 4477 2
