2468 4838
311 1037 314 1043 ’
421 1062 798 1164 nisouistnonss

201 1290 271 1366 ns
308 1288 438 1366 vira
474 1286 546 1359 er
582 1282 746 1356 ronst
782 1284 1011 1357 cinnum

501 1506 721 1525 ..u—utun·—

346 1732 411 1795 oe
441 1733 568 1796 vira
597 1727 872 1814 TIBULL1.*)

184 1954 295 2017 Albius
306 1955 464 2033 Tibullus,
487 1978 560 2020 nam
572 1924 767 2040 praenomc'n
780 1958 958 2037 ignoratur,
980 1977 1035 2016 ncc
1053 1974 1117 2036 quo

99 2086 184 2128 atrito
210 2079 303 2130 natus
332 2067 372 2133 sit
400 2081 520 2133 constat
546 2092 604 2133 nee
633 2089 698 2153 quo
727 2082 885 2152 mortuus3
913 2080 1016 2130 tamen
1044 2086 1118 2126 con·

99 2181 218 2244 iectura
236 2185 414 2265 probabilia
433 2187 564 2250 assecuti
590 2200 663 2250 sunt
685 2186 746 2249 uiri
765 2185 857 2249 docti.
912 2186 957 2246 Ac
982 2184 1118 2263 primum

100 2293 227 2375 quidem
255 2299 413 2362 Domitius
441 2301 566 2364 Marsus
592 2305 626 2364 in
653 2302 880 2383 Epigrammata
909 2295 995 2380 quod
1024 2317 1119 2376 supra

101 2408 200 2487 legisti
219 2422 251 2472 ot
271 2412 305 2472 in
325 2413 388 2473 fine
408 2411 552 2474 editionis
574 2415 688 2474 iterum
708 2413 842 2488 videbis,
864 2411 987 2472 scribit:

227 2524 274 2582 Te
296 2542 424 2606 quoqne
442 2525 567 2603 Virgilii
584 2526 725 2586 comitem
747 2544 813 2585 non
835 2544 944 2604 aequo,
965 2521 1098 2591 Tibullo,

271 2634 360 2697 Mors
380 2636 527 2700 iuvenem
549 2657 673 2717 conspos
695 2639 777 2698 misit
798 2635 995 2747 adelysios:

102 2747 216 2829 quibua
242 2750 345 2811 verbis
373 2752 522 2830 significat
549 2770 614 2814 non
642 2754 740 2813 multo
769 2764 840 2831 post
866 2751 1031 2828 Virgilium
1054 2765 1119 2807 esse

102 2861 262 2921 Tibullum
279 2874 448 2924 mortuum.
491 2843 691 2924 Cumautem
707 2865 856 2942 Virgilius
872 2883 944 2923 nuit.
961 2863 1029 2923 urb.
1048 2866 1117 2918 735.

103 2973 231 3049 obierit,
261 2985 297 3034 ut
317 2987 453 3051 constat,
482 2978 643 3039 Tibullum
674 2977 784 3040 eodem
807 2997 890 3040 anno
920 2987 974 3037 aut
996 2995 1024 3032 a.
1048 2978 1119 3030 736.

102 3086 265 3150 decessisse
292 3088 361 3151 iure
389 3101 539 3154 statuunt.
582 3090 645 3155 sed
674 3089 802 3175 quando
824 3104 930 3152 natum
959 3086 1094 3149 dicemus
1104 3080 1119 3141 ἰ’

102 3202 176 3266 Non
196 3204 268 3265 licet
288 3206 334 3264 uti
354 3205 389 3266 in
409 3205 467 3269 hac
488 3229 523 3270 re
544 3210 614 3271 loco
636 3209 698 3286 Ill,
721 3215 757 3281 5,
784 3215 842 3269 17:

229 3313 371 3377 Natalem
392 3318 495 3397 printo
518 3332 660 3383 nostrum
681 3317 788 3384 videre
810 3329 970 3398 parentes,

273 3423 354 3488 Cum
375 3427 484 3492 cecidit
504 3431 569 3494 fato
591 3435 699 3495 consul
720 3445 852 3514 uterque
871 3430 951 3511 pari.

176 3712 203 3780 ’)
223 3711 332 3767 Praeter
360 3727 392 3765 es
417 3726 483 3779 quse
508 3711 577 3781 apud
602 3710 733 3779 llcynimn
757 3708 899 3772 habentur,
925 3705 1013 3759 censer
1042 3705 1060 3754 l.
1088 3705 1120 3755 u.

106 3803 226 3855 vossium
241 3802 266 3855 ln
279 3799 394 3855 Prasiai.
408 3799 441 3853 ad
454 3800 584 3855 Translst
599 3804 690 3856 Germ.
704 3805 807 3869 poetae,
825 3795 949 3849 bachium
961 3794 986 3844 in
1004 3791 1120 3858 disputa-

108 3890 219 3942 tionibus
239 3889 345 3944 editionl
370 3904 433 3942 suae
452 3891 614 3958 praemissis,
642 3887 785 3957 Spoliniun
813 3886 838 3936 in
864 3883 972 3935 Discere.
992 3877 1068 3930 acad.
1089 3877 1121 3929 ‹le

107 3974 159 4024 rin
176 3983 204 4026 et
221 3978 375 4030 carminibus
392 3978 490 4032 Tibulli
515 3978 588 4047 nipe
607 3980 701 4040 1819„
724 3973 837 4042 Philipp.
858 3973 943 4024 Amat.
961 3969 1122 4033 Golberyum

108 4059 141 4111 de
158 4059 255 4113 Tibulli
272 4066 323 4115 vita
346 4073 372 4119 et
397 4067 550 4120 carminibus
574 4068 657 4121 Paris.
678 4068 771 4127 tuen,
795 4061 947 4115 Pussosium
966 4057 989 4107 in
1009 4056 1123 4107 Censura

111 4143 135 4194 li.
157 4143 265 4197 duorum
281 4151 368 4217 script.
388 4153 496 4222 Epliem.
524 4153 801 4206 Hatera.ann.1uao.
822 4148 868 4201 Νι.
890 4149 936 4197 lli
954 4157 1027 4210 son,
1057 4140 1121 4192 ller-

111 4242 227 4285 mannum
253 4234 403 4292 rotdomum
429 4245 454 4296 in
474 4243 555 4295 libro:
581 4239 723 4294 Rbmiselre
748 4233 856 4293 Ecolik,
885 4247 942 4287 aon.
967 4235 1043 4285 18³3.
1065 4242 1122 4295 pag.

112 4319 145 4367 te
160 4335 215 4388 sqq.
