2468 4838
157 638 216 681 cxn
566 616 625 681 DE
645 610 767 683 Ponet

243 784 328 849 Vota
349 798 478 852 movent
501 804 650 868 euperem
670 783 728 848 nbi
746 780 881 866 portitor
900 801 978 844 aera
999 778 1132 867 recepit,

286 895 421 964 Obeerat
440 901 593 964 herboeoe
616 895 722 961 lut-ide
739 908 833 979 porte
850 916 957 977 rogos.

157 1009 222 1075 Ubi
247 1034 306 1094 per
334 1026 484 1096 quattuor
511 1013 643 1077 dietiche
669 1010 780 1075 eadem
806 1009 961 1075 cententio
987 1006 1051 1070 elio
1080 1016 1174 1089 etque

157 1124 219 1187 alio
253 1123 349 1187 modo
386 1147 533 1207 expresse
565 1127 711 1188 habetur.
771 1125 903 1189 Frustra
935 1121 1012 1186 τῶ
1043 1136 1174 1204 quaeret

158 1233 243 1317 apud
271 1238 445 1302 Tibullum.
495 1238 658 1302 Pertinent
683 1258 760 1302 vero
790 1235 901 1301 eodem
928 1234 1175 1317 comparationes

158 1360 191 1410 et
212 1352 356 1433 exempla
377 1373 520 1416 ererum
540 1364 655 1414 natura
675 1363 706 1413 et
724 1352 790 1415 vita
813 1351 993 1427 hominum,
1021 1345 1173 1429 imprimit

158 1484 175 1524 e
197 1465 387 1546 mythologie
409 1465 506 1546 petita
527 1467 680 1547 plurime,
709 1485 774 1548 quo
797 1475 912 1527 ornatu
933 1474 999 1525 tota
1018 1459 1174 1542 Propertii

157 1576 259 1654 poesie
280 1574 442 1639 distincta:
470 1598 543 1639 nem
564 1578 656 1639 etiam
675 1579 752 1641 haec
773 1597 845 1639 eum
865 1577 960 1639 finem
980 1574 1116 1650 hebent,
1140 1585 1173 1635 ut

157 1684 265 1748 eadem
286 1708 337 1749 ree
359 1700 389 1752 et
408 1690 562 1751 sententia
583 1690 645 1752 alio
667 1702 761 1773 atque
785 1689 846 1752 alio
867 1687 962 1751 modo
984 1700 1174 1749 monstretur

157 1811 188 1860 et
205 1800 390 1865 illustretur.
425 1804 468 1866 ·In
490 1823 555 1885 quo
575 1824 642 1867 non
664 1803 877 1887 oppositiones
895 1801 1019 1886 quaerit
1038 1801 1172 1882 Proper-

156 1908 234 1991 tiue,
265 1913 321 1975 sed
343 1914 527 1979 varietatem
547 1927 670 1979 tantum
689 1913 876 1996 iucundam,
904 1914 1004 1978 veluti
1028 1913 1072 1978 eic
1093 1915 1123 1993 1,
1143 1920 1172 1990 2,

157 2031 176 2085 9
200 2048 289 2111 sqq.=

243 2138 394 2224 Adspice,
424 2161 505 2225 quoe
525 2137 690 2202 summittit
709 2137 824 2200 humus
845 2136 985 2200 formosa
1007 2140 1127 2202 colores

283 2253 329 2315 Ut
348 2253 477 2317 venient
496 2251 631 2315 hederae
653 2263 766 2333 sponte
788 2270 845 2312 ena
866 2250 995 2328 melius,

241 2365 354 2445 Surget
376 2379 407 2454 et
428 2366 465 2427 in
485 2365 559 2429 eolis
582 2366 702 2428 felicius
724 2365 853 2426 arbutue
874 2362 990 2441 entrie,

281 2479 322 2539 Et
342 2478 419 2540 ceint
438 2476 588 2540 indociles
610 2499 739 2539 currere
759 2477 889 2559 lympha
908 2475 989 2541 viee.

241 2589 352 2653 Litora
372 2592 484 2655 nativis
506 2593 662 2654 collucent
680 2591 764 2673 picta
782 2590 914 2673 lapillis,

282 2702 322 2763 Et
342 2706 486 2768 volucres
510 2705 598 2766 nulla
618 2700 738 2766 dulcius
760 2714 826 2766 arte
848 2712 974 2767 canunt.

156 2817 214 2877 Hie
236 2816 345 2877 confer
366 2816 485 2878 Tibulli
505 2818 676 2894 rationem,
707 2817 763 2901 qui
782 2814 964 2900 ceteroquin
986 2812 1173 2896 paucissimo

156 2925 338 2988 luriuemodi
363 2928 472 3005 babet,
501 2928 533 3007 1,
555 2930 593 3006 4,
614 2936 676 2993 29:

242 3037 347 3115 Quem
368 3039 428 3102 cito
448 3061 605 3124 purpureos
626 3040 768 3124 deperdit
790 3053 873 3103 terre
894 3041 1028 3116 coloreo,

282 3151 385 3230 Quem
406 3156 466 3217 cito
490 3154 644 3220 immoene
663 3158 800 3239 populus
823 3157 893 3217 atla
913 3150 1038 3219 comae!

156 3266 213 3329 ubi
239 3269 396 3349 oppositio
421 3271 595 3332 manifesta.
638 3274 760 3334 Verum
785 3272 863 3333 haec
888 3271 1052 3331 hactenns.
1099 3265 1172 3328 Non

156 3377 189 3440 id
217 3401 302 3441 nunc
325 3399 383 3459 ego
407 3393 443 3442 ut
468 3382 626 3461 Propertii
654 3383 861 3446 elocutionem
883 3380 956 3444 dote
979 3400 1079 3463 opere
1102 3379 1173 3439 ittu-

155 3501 250 3552 etrem
278 3502 391 3568 totam,
419 3490 507 3574 quod
532 3495 594 3556 olio
619 3495 689 3557 loco
713 3495 841 3574 iaciem3
871 3494 985 3576 placita
1006 3491 1171 3574 Propertio

156 3603 353 3683 amplificatio
384 3605 485 3686 quatis
512 3606 568 3684 eit,
607 3606 745 3670 indicare
776 3608 883 3685 volui,
922 3618 954 3669 et
970 3626 1081 3690 ·qunm
1109 3606 1172 3668 rim

156 3717 232 3777 haec
254 3735 304 3778 ree
324 3716 454 3795 hebent,
483 3717 539 3779 ubi
564 3718 604 3781 de
624 3717 801 3783 discrimine
823 3720 1023 3783 Tibulliunae
1043 3731 1077 3782 et
1095 3720 1173 3781 Pro·

155 3832 317 3911 portianae
346 3831 530 3893 elocutionis
561 3834 672 3913 egitur.
733 3832 865 3901 Ovidius
894 3849 1049 3919 utroque,
1087 3831 1195 3918 quod·

156 3943 378 4023 explicuimus,
406 3945 535 4008 artificio
561 3947 660 4008 utitur
680 3947 731 4009 hic
752 3949 814 4011 illic
841 3943 1067 4027 ubireeler13
1092 3969 1172 4031 quac

155 4077 231 4119 vero
253 4057 293 4119 sit
313 4057 444 4140 propria
462 4062 545 4124 ratio
562 4062 753 4125 nectetionie
775 4080 864 4140 eune,
882 4083 977 4144 cupre
995 4060 1058 4124 ium
1076 4063 1172 4124 verbo

154 4165 299 4231 indicavi.

218 4276 300 4341 lllud
320 4279 473 4344 hocloco
494 4294 589 4346 reetnt
609 4285 778 4364 egendum,
806 4298 839 4348 ut
861 4285 900 4348 de
919 4293 1000 4348 tertio
1020 4292 1047 4346 e't
1071 4295 1172 4366 quarto
