2468 4838
496 622 680 688 TIBULLI.
1007 646 1112 690 cxxxv

88 800 119 849 et
138 786 273 870 pinguia
294 801 403 869 mana,
424 789 480 874 qui
499 798 620 876 stipitem
634 806 805 859 veneratur
819 796 960 856 timerium
981 792 1014 855 in
1034 795 1115 873 agris

87 913 119 963 et
146 904 275 985 lapidem
304 924 426 967 sacrum
453 911 482 968 iu
511 912 604 985 tntu,
638 920 669 970 ct
697 910 833 971 arborum
861 907 984 969 fructus
1004 907 1115 968 Silvano

86 1018 239 1095 apponit,
283 1018 384 1079 Cereri
412 1038 490 1081 vero
523 1040 673 1085 coronam
705 1027 830 1105 spiceam
865 1020 1038 1102 promittit,
1085 1034 1116 1080 et

83 1133 207 1207 ροωωίε
224 1129 261 1189 in
279 1128 382 1191 hortis
396 1133 507 1215 Priapo
528 1134 652 1214 signum
673 1147 797 1196 statuet.
839 1134 960 1196 Femtnt
978 1131 1114 1214 denique

87 1242 179 1301 etiam
205 1242 300 1303 Iam
327 1264 461 1307 munera
488 1266 563 1325 sua,
598 1248 696 1311 felicis
725 1249 818 1324 olim,
856 1266 939 1306 rrune
967 1245 1115 1325 pauperis

86 1355 153 1432 agri
180 1354 345 1433 custodes,
384 1370 415 1419 et
444 1379 514 1420 cum
546 1373 614 1422 onte
640 1363 727 1425 riola
754 1363 903 1423 lustraret
930 1359 1115 1419 innumeros

84 1467 252 1544 iuvencos,
274 1490 347 1531 nme
368 1492 449 1549 agua
469 1475 528 1535 erit
545 1476 651 1555 exigui
672 1475 732 1537 soli
753 1477 864 1537 hostia.
905 1472 1003 1534 Vides
1020 1492 1113 1554 quam

84 1580 203 1641 multae
226 1579 413 1661 divisiones,
434 1597 514 1668 quot
535 1588 749 1669 oppositiones
772 1608 879 1649 rerum
897 1599 928 1648 et
944 1586 1114 1648 verborum

83 1692 117 1752 ia
148 1693 257 1774 paucis
287 1690 437 1760 distichis.
460 1708 462 1713 ’
487 1698 603 1762 Similis
631 1714 678 1763 est
706 1704 807 1763 oratio
837 1700 1115 1792 insequentibus.

83 1804 167 1866 Nam
188 1819 357 1892 postquam
380 1812 481 1873 otium
508 1815 543 1874 in
563 1812 694 1894 praedio
720 1813 901 1895 oppositum
921 1814 980 1875 viis
1000 1812 1113 1872 milita·

81 1918 190 1995 ribus,
219 1921 423 2001 progreditur
445 1923 485 1984 ad
514 1926 606 1989 aliem
634 1939 757 2008 partem
785 1927 974 1987 rusticarum
995 1942 1113 1999 rerum,

84 2042 117 2091 et
135 2031 278 2112 primum
300 2033 339 2095 de
366 2040 434 2113 agri
453 2035 559 2100 dicens
582 2041 722 2115 cultura,
752 2036 851 2101 diviso
875 2037 978 2100 statim
997 2036 1112 2099 iterum

82 2144 145 2206 boc
165 2145 294 2225 negotio
315 2147 351 2209 in
372 2161 476 2229 partes
497 2172 587 2229 suas,
609 2149 770 2213 interdum
787 2153 896 2214 bidente
910 2162 1031 2215 vertere
1047 2161 1111 2212 ter-

84 2277 153 2319 ram
173 2270 230 2321 aut
250 2262 361 2322 uimnb
382 2262 480 2325 boves
504 2275 644 2327 aratores
669 2266 830 2345 impellere
851 2267 928 2328 vult.
978 2264 1045 2325 lam
1072 2266 1112 2325 ab

85 2373 228 2435 aratione
258 2373 299 2437 ad
324 2382 494 2458 perreriam
525 2377 647 2441 mansit.
711 2379 757 2441 Ae
785 2396 845 2439 suo
876 2376 984 2459 pecori
1011 2381 1113 2455 cm'guo

82 2484 220 2547 aliorum
249 2508 384 2565 maguum
406 2510 532 2569 gregem
553 2489 704 2572 opponit,
734 2491 802 2572 ipse
828 2502 974 2572 pasturae
1002 2490 1113 2552 lustrat

82 2601 256 2682 quotannis
278 2613 310 2663 et
327 2605 432 2665 Palem
459 2608 561 2685 placat
585 2607 679 2680 lacte,
708 2604 828 2688 inquo
851 2625 935 2669 nova
957 2602 1111 2667 divisione

82 2715 267 2796 pastoritiae
287 2715 446 2795 religionis
465 2716 545 2779 duos
564 2716 643 2779 ritus
661 2717 801 2799 potIores
821 2716 921 2799 ponit.
962 2717 1111 2800 Denique
1134 2754 1153 2795 0

82 2829 223 2891 tractatis
246 2827 376 2908 singulis
403 2830 574 2909 generatim
598 2831 727 2893 invocat
750 2828 826 2892 deos
849 2840 885 2892 ut
908 2827 1025 2905 adsint,
1053 2849 1111 2892 nec

81 2966 99 3005 e
126 2962 228 3003 morsa
256 2963 397 3025 paupere
426 2954 576 3023 spernant
607 2942 692 3005 dona
720 2964 778 3007 nec
809 2964 827 3004 e
846 2943 985 3026 fictilibus
1012 2943 1112 3023 puris.

81 3055 160 3118 Inde
192 3054 318 3121 divitias
347 3069 473 3138 patrum
502 3058 670 3139 largosque
698 3055 817 3119 reditus
848 3079 995 3137 agrorum
1025 3070 1112 3138 post-

81 3171 174 3252 ponit
194 3170 279 3232 vitae
308 3170 416 3251 paucis
439 3183 620 3248 contentae,
650 3180 683 3230 et
708 3171 809 3230 lectum
829 3167 1004 3230 iucundum
1028 3169 1113 3231 domi

81 3280 244 3363 praedicat
265 3295 297 3345 et
322 3304 449 3345 somnum
476 3303 622 3346 securum
649 3303 727 3363 prae
749 3280 858 3342 militia
871 3280 1003 3361 sororem
1025 3289 1112 3343 maris

83 3408 113 3457 et
141 3397 248 3459 tristes
272 3397 383 3478 pluvias
409 3398 548 3474 ferente,
580 3409 610 3459 et
636 3416 749 3458 aurum
775 3392 1015 3476 smaragdosque
1038 3414 1113 3459 con-

81 3508 194 3571 temnit
215 3508 272 3571 ubi
289 3507 365 3571 fleat
386 3510 555 3572 discessum
577 3530 650 3573 cara
668 3510 791 3591 puella,
814 3520 845 3570 et
866 3507 941 3571 dum
958 3508 1111 3571 Messalae

79 3624 204 3700 glon'am
232 3625 382 3685 militarum
405 3622 529 3701 laudat,
558 3623 625 3704 ipae
650 3623 711 3685 sibi
737 3643 863 3684 amorem
886 3623 998 3685 Deliae
1021 3643 1113 3702 prae·

81 3736 159 3799 lert:
182 3737 267 3799 hanc
286 3749 416 3820 spectare
438 3736 525 3817 cupit
543 3757 689 3816 suprema
704 3737 800 3811 hora,
821 3737 903 3797 lianc
924 3747 1016 3796 tenere
1037 3734 1112 3794 defi-

81 3850 182 3912 ciente
205 3869 315 3912 manu.
364 3849 488 3912 Rursus
513 3848 605 3910 etiam
625 3849 719 3910 Delia
741 3847 861 3926 lugebit
881 3847 1001 3908 Tibulli
1025 3865 1112 3906 mor·

81 3977 159 4043 tem,
186 3984 249 4027 nec
271 3963 390 4045 poterit
408 3961 447 4024 de
469 3963 581 4025 iuuere
602 3966 704 4023 moeris
721 3981 779 4023 nec
800 3964 878 4037 uirgo
899 3957 1004 4020 redire
1026 3957 1113 4020 siccis

82 4079 178 4143 oculis
190 4123 200 4157 ,
229 4078 267 4140 in
299 4096 364 4159 quo
394 4097 477 4140 nova
502 4074 702 4157 oppositione
732 4072 854 4152 egregia
884 4073 941 4133 has
969 4072 1112 4134 lacrimas

82 4194 258 4274 lugentium
280 4191 410 4252 bellicae
432 4190 549 4269 gloriae
570 4187 719 4270 praefert.
765 4183 843 4247 Inde
869 4188 1008 4248 eluctus
1029 4188 1112 4265 cogi·

83 4309 194 4371 tatione
220 4304 264 4369 ad
288 4299 401 4382 gaudia
424 4303 539 4363 auroris
560 4300 655 4375 redit,
687 4301 895 4380 hortaturque
919 4301 1056 4380 puellam
1077 4315 1112 4363 ut
