2468 4838
142 656 218 702 nxm
545 634 603 700 DE
626 632 747 705 POESl

145 817 273 893 habent,
294 825 331 876 ut
350 811 477 876 themati
499 829 622 873 summo
647 810 855 893 exprimendo
875 812 1050 878 inserviant
1071 826 1102 876 et
1124 816 1164 878 ad

143 932 204 995 hoc
235 926 454 994 illustrandum
483 926 682 1010 conspirent,
711 948 768 989 nec
797 939 898 1009 potest
927 928 984 991 ubi
1011 950 1088 992 vera
1114 949 1165 993 ars

142 1057 270 1126 regnat,
300 1041 405 1105 adesse
427 1040 460 1102 in
482 1039 726 1122 compositione,
753 1040 840 1122 quod
861 1042 986 1103 aberret
1005 1054 1164 1105 temeres

142 1171 220 1222 toto.
263 1154 367 1231 Quam
386 1158 487 1234 legem
509 1175 580 1216 cum
601 1152 695 1215 etiam
710 1153 855 1217 Tibullus
870 1168 1021 1237 sequatur
1033 1156 1164 1239 ubique,

142 1269 234 1337 valde
262 1271 444 1353 imperfecta
474 1282 520 1332 est
548 1271 583 1331 in
603 1271 720 1333 talibus
741 1269 934 1351 explicandis
955 1272 1094 1351 vulgaris
1114 1274 1164 1334 in·

141 1385 335 1468 terpretatio·
377 1382 428 1447 Sic
448 1404 479 1446 v.
501 1403 528 1444 o.
554 1383 590 1445 in
618 1383 720 1463 prima
744 1384 841 1463 elegia
861 1384 935 1447 libri
955 1381 1074 1467 primi,
1108 1387 1163 1448 ubi

142 1503 287 1566 Tibullus
308 1499 347 1562 de
369 1520 475 1562 amore
497 1518 556 1562 suo
576 1496 682 1560 dicens
704 1496 744 1559 ad
768 1499 889 1561 luctum
912 1501 947 1562 in
968 1501 1082 1563 funere
1104 1522 1163 1564 suo

142 1615 285 1679 futurum
313 1615 443 1692 transit,
472 1634 538 1678 non
565 1611 713 1677 viderunt
732 1614 920 1696 interpretes
941 1615 1071 1679 militari
1097 1618 1164 1697 glo·

141 1730 208 1793 riae
228 1731 306 1791 ha'ec
333 1730 463 1810 opponi.
507 1725 586 1803 Quis
614 1727 782 1791 declaravit
803 1731 838 1789 in
860 1741 948 1791 sexta
970 1729 1050 1813 quid
1071 1731 1164 1794 terri·

141 1846 220 1908 biles
241 1846 321 1907 ritus
348 1844 498 1906 Bellonae
528 1841 696 1905 sacerdotis
719 1843 867 1923 descripti
896 1845 956 1906 sibi
982 1844 1082 1907 velint
1110 1856 1165 1907 ant

143 1959 276 2028 Osiridis
296 1958 404 2023 laudes
425 1961 459 2021 in
480 1954 635 2041 septima?
676 1957 762 2020 Nolo
782 1960 875 2041 plura
902 1957 1034 2038 addere3
1064 1961 1165 2040 expli-

143 2080 194 2141 cui
213 2079 248 2139 in
270 2074 503 2138 Commentario
525 2075 644 2156 ubique
672 2073 766 2134 etiam
796 2070 835 2134 da
864 2074 991 2135 talibus.
1038 2072 1100 2134 Hie
1128 2085 1165 2134 ut

141 2192 302 2254 absolvam
323 2209 404 2272 quae
426 2186 567 2269 disputo,
588 2208 659 2249 cum
680 2188 873 2266 singularum
893 2206 1001 2249 reram
1021 2188 1165 2249 omnium

141 2304 306 2369 consilium
325 2301 464 2385 positum
488 2301 528 2363 sit
554 2301 591 2362 in
618 2302 688 2382 ipso
716 2301 871 2379 themate,
902 2299 990 2363 rides
1010 2320 1072 2382 pro
1093 2300 1163 2362 the-

140 2432 223 2484 mate
244 2428 328 2480 recte
352 2416 445 2478 etiam
466 2413 529 2477 dici
550 2414 792 2477 consilium-aut
817 2434 974 2476 summum
995 2416 1163 2478 consilium

140 2531 300 2609 carminis,
330 2542 365 2592 ut
393 2531 444 2590 hic
473 2541 504 2590 et
532 2528 567 2589 in
594 2525 725 2590 Pindari
755 2526 892 2591 editione
921 2528 1037 2611 passim
1056 2530 1163 2592 faeere

139 2649 238 2708 soleo.
288 2641 352 2706 Sed
373 2644 413 2705 ab
436 2644 498 2705 hoc
519 2640 676 2721 distinguo
698 2642 889 2704 obiectivum
915 2641 1097 2720 consilium,
1126 2652 1164 2704 ut

138 2762 346 2839 wolckerus,
378 2760 475 2825 veluti
496 2758 652 2821 Pindarus
679 2758 830 2841 epinicios
852 2760 987 2842 hymnos
1012 2778 1089 2822 snos
1110 2780 1164 2823 ce-

140 2876 231 2952 cinit,
254 2886 290 2935 ut
311 2873 483 2937 victoribus
504 2871 653 2936 ludorum
674 2874 777 2936 honos
798 2887 879 2937 esset
900 2887 931 2936 et
951 2874 1085 2956 epinicia
1106 2894 1161 2937 or·

139 3000 291 3053 narentur
313 3002 405 3052 cantu
427 2990 532 3067 chori,
564 3004 618 3052 aut
639 2989 780 3054 dramata
802 2989 924 3054 Graeca
949 2990 1066 3072 scripta
1086 3003 1163 3053 sunt

138 3101 179 3167 ad
200 3103 355 3186 Dionysia
377 3101 580 3180 celebranda,
601 3105 665 3166 'aut
685 3105 840 3186 Tyrtaeus
866 3104 979 3186 elegias
1004 3105 1096 3184 iecit,
1125 3117 1164 3169 ut

138 3219 308 3302 Spartanos
331 3218 371 3282 ad
392 3221 510 3282 bellum
533 3220 692 3284 excitaret.
742 3221 889 3283 Tibullus
911 3232 1033 3300 antem,
1062 3232 1099 3285 ut
1119 3221 1162 3285 ad

137 3335 222 3396 hunc
243 3332 386 3407 redeam,
408 3354 533 3396 carmen
555 3336 694 3414 primum
716 3334 790 3396 libri
812 3337 906 3416 primi
926 3335 1050 3417 scripsit
1068 3348 1106 3398 ut
1125 3356 1162 3398 so

137 3448 291 3510 Messalae
313 3459 483 3521 excusaret,
507 3466 631 3509 carmen
653 3450 820 3529 septimum
835 3462 867 3513 et
881 3451 1015 3514 alterum
1030 3448 1162 3514 secundi

136 3560 211 3622 libri
233 3557 273 3621 ad
295 3559 435 3621 natalitia
455 3560 607 3621 Messalae
629 3573 661 3622 et
682 3559 826 3624 Corinthi
848 3560 999 3639 ornanda,
1019 3563 1056 3625 in
1074 3585 1160 3627 ama·

136 3678 226 3741 toriis
247 3689 351 3739 autem
373 3676 477 3755 elegiis
498 3675 530 3737 id
559 3677 636 3755 agit,
670 3689 705 3739 ut
725 3679 845 3758 puellas
868 3698 939 3741 suas
964 3694 1162 3745 commoveat

137 3804 168 3854 et
196 3792 258 3854 huc
287 3809 413 3853 omnem
444 3789 507 3853 viro
538 3792 708 3853 verbosum
739 3790 854 3870 dirigit.
912 3791 1063 3875 Denique
1092 3793 1162 3857 fieri

135 3918 256 3989 potest,
276 3918 313 3968 ut
332 3908 420 3968 locus
441 3907 554 3989 aliquis
576 3904 694 3989 duplex
716 3909 881 3970 consilium
902 3909 1034 3986 habeat,
1062 3911 1161 3974 veluti

138 4019 222 4100 apud
243 4020 405 4083 Tibullum
431 4021 466 4081 in
494 4021 605 4103 quinta
634 4020 731 4099 elegia
758 4021 832 4083 libri
860 4018 956 4102 primi
983 4023 1159 4087 exsecratio

137 4136 227 4196 lenae
257 4146 288 4194 et
315 4146 448 4215 propter
479 4138 561 4198 hane
594 4134 696 4215 posita
730 4145 775 4195 est
803 4144 835 4193 et
862 4146 995 4215 propter
1023 4134 1159 4201 Deliam.

137 4248 221 4310 Rara
241 4259 346 4309 tamen
368 4250 418 4312 hic
439 4268 507 4327 res,
538 4247 622 4310 unde
644 4266 728 4310 nunc
749 4247 848 4311 verbo
869 4245 1024 4311 indicasse
1044 4248 1161 4314 suffieit

138 4361 225 4444 quod
246 4359 494 4461 Commentarius
521 4362 579 4426 ubi
604 4382 685 4446 opus
706 4364 851 4447 pluribus
873 4366 1031 4448 explanat
1083 4368 1161 4433 Post
