2468 4838
97 617 172 659 xtra
507 591 565 655 DE
587 589 707 658 POESl

98 775 223 838 Etenim
250 774 345 835 babet
373 772 423 832 hic
453 789 542 833 amor
567 790 625 853 per
654 766 760 832 omnia
788 778 929 851 tempora
955 787 1015 830 sus
1042 744 1116 850 pro·

98 889 201 969 priam
225 883 382 970 quandam
406 883 627 948 sublimitatem
647 881 794 962 religioso
814 900 925 959 sensu,
946 883 1004 966 qui
1024 883 1059 945 in
1079 900 1133 945 eo·

98 1015 216 1083 regnat.
267 999 402 1064 Videtur
429 1010 541 1081 poetae
573 1016 697 1059 sacrum
729 993 841 1060 foedus
868 996 904 1058 in
930 1008 1120 1079 perpetuum

97 1121 255 1195 iunctum,
287 1113 372 1200 quod
400 1116 469 1197 ipsa
489 1116 600 1177 Venus
622 1126 652 1175 et
674 1111 798 1195 Cupido
820 1123 949 1175 tuentur
956 1156 966 1190 ,
997 1124 1030 1175 et
1053 1132 1120 1176 sne·

58 1252 61 1257 ·
98 1234 189 1297 vlunt
209 1231 254 1292 dii
274 1242 389 1293 temere
412 1228 522 1293 relicti.
573 1226 678 1304 Quare
701 1248 771 1290 cum
792 1239 967 1308 aegrotaret
984 1227 1021 1289 in
1041 1225 1121 1290 Gor·

99 1369 190 1430 cyra,
219 1367 284 1430 quo
313 1344 423 1408 dolore
452 1355 576 1407 accusat
605 1364 638 1405 se
668 1340 754 1424 quod
779 1343 879 1407 invito
903 1339 1121 1423 de0.puellam

98 1463 279 1548 reliqueritt

188 1591 311 1656 Audeat
335 1591 433 1655 invito
456 1591 588 1676 nequis
612 1590 769 1655 discedere
792 1592 916 1669 Amore,

229 1709 300 1769 Aut·
315 1705 390 1768 sciat
412 1726 568 1786 egressum
591 1725 624 1767 se
646 1707 832 1787 prohibente
855 1704 925 1768 deo.

102 1847 251 1914 Similiter
285 1847 409 1911 Deliam
443 1868 533 1930 saepe
570 1849 715 1910 hortatur
749 1859 784 1908 ut
822 1857 906 1908 casta
938 1845 980 1906 sit
1011 1843 1124 1907 sancti-

103 1983 165 2046 que
187 1958 318 2044 pudorIs
339 1979 477 2033 memor,
507 1981 547 2020 ne
570 1955 702 2021 deorum
720 1959 799 2020 iram
820 1960 968 2022 incurrat.
1020 1959 1123 2041 Atque

102 2079 196 2142 etiam
217 2097 287 2139 cum
309 2077 413 2139 rirtnn
435 2075 581 2151 liaberet,
612 2071 687 2134 dum
707 2073 761 2134 ille
783 2072 922 2134 coniunx
944 2084 1006 2149 est,
1031 2082 1125 2153 poeta

103 2203 225 2255 amator
245 2201 275 2252 et
297 2201 416 2250 amatus
438 2190 507 2250 vult
534 2185 645 2247 unicus
668 2198 698 2247 et
720 2206 813 2250 verus
843 2207 926 2264 esse,
955 2199 986 2248 et
1006 2203 1124 2269 poenas

103 2308 251 2369 coelestes
280 2301 444 2366 denuntiat
472 2304 719 2386 comrptoribus.
761 2302 906 2366 Proiecto
934 2322 1000 2366 non
1029 2297 1125 2364 laudo

104 2441 161 2500 ego
182 2417 269 2504 quod
290 2420 437 2481 maritum
460 2417 632 2500 decipiebat
654 2417 816 2495 Tibullus,
838 2414 893 2479 sed
914 2419 1066 2481 hocloco
1086 2412 1125 2478 de

102 2547 214 2617 poetae
236 2533 386 2623 sententia
408 2533 579 2615 quaeritur.
623 2534 700 2612 Hic,
721 2533 797 2596 Non
820 2555 875 2616 ego
899 2546 929 2596 te
950 2532 1029 2596 laesi
1047 2554 1126 2615 pru·

105 2649 191 2726 deus,
212 2649 263 2726 ait,
284 2650 407 2727 ignosce
429 2649 548 2713 fatenti.
591 2651 684 2713 Iussit
705 2650 820 2731 Am0r3
851 2663 962 2713 contra
986 2649 1058 2733 quis
1080 2648 1126 2711 le·

103 2781 153 2830 rat
175 2788 262 2830 arma
283 2761 381 2828 deos?
424 2765 546 2848 Nempe
569 2766 709 2828 coniunx
730 2766 799 2828 iure
822 2766 905 2829 civili
926 2778 993 2829 erat
1015 2766 1126 2829 Deliae

103 2884 245 2955 iunctus,
265 2899 299 2941 se
321 2878 449 2941 coelesti
468 2880 538 2957 igne
563 2876 708 2940 credebat
729 2891 846 2941 tactum
868 2892 899 2941 et
918 2878 1057 2963 puellam
1079 2876 1128 2941 di·

104 2995 178 3056 vina
195 2995 261 3072 lege
284 3013 383 3055 suam.
425 2987 530 3066 Quare
553 2991 728 3054 abstineant
750 2993 803 3053 alii
823 3013 931 3056 omnes
951 2992 1085 3055 rivales:

188 3125 308 3187 Parcite
334 3146 428 3207 quarn
448 3124 582 3189 custodit
600 3128 701 3189 Amor
723 3125 841 3189 violare
865 3126 1011 3207 puellam,

232 3239 283 3302 Ne
304 3242 442 3322 pigeatm
467 3263 546 3322 agno
570 3254 641 3324 post
666 3239 808 3305 didicisse
830 3244 923 3304 attalo.

106 3369 204 3432 Neias
226 3382 351 3450 tangere
373 3375 510 3453 puellam
532 3397 551 3436 a
575 3370 634 3438 diis
656 3374 778 3451 datam,
799 3373 887 3434 nefas
908 3370 1002 3435 etiam
1021 3388 1131 3433 eman·

108 3496 169 3546 terr.
191 3482 314 3546 laedere
336 3486 369 3546 in
391 3486 489 3548 tutela
510 3487 645 3548 Veneris
668 3499 811 3550 euntem:

193 3613 344 3699 Quisquis
365 3639 472 3682 amore
497 3632 631 3698 tenetur,
653 3631 703 3682 eat
723 3632 872 3702 tutusque
894 3637 1046 3700 sacerque

237 3730 401 3808 Qualibet:
425 3735 555 3798 insidias
577 3756 643 3797 non
664 3734 802 3798 timuisse
824 3734 921 3798 decet.

106 3867 210 3947 Atque
232 3867 293 3931 hoc
315 3888 409 3930 sensu
434 3888 467 3930 se
496 3870 578 3932 tollit
608 3871 699 3932 altius
726 3880 837 3950 poetae
868 3865 996 3948 spiritus
1022 3865 1059 3925 in
1088 3874 1140 3941 tot,

106 3981 200 4043 locis:
243 3995 334 4045 vocat
364 3985 497 4064 magiam
526 3987 561 4047 in
588 3984 778 4061 subsidium,
812 3980 877 4043 adit
904 3981 1057 4042 Bellonae
1084 3997 1135 4039 sa·

109 4091 282 4172 cerdotem,
313 4098 463 4179 implorat
490 4101 569 4162 iram
592 4100 723 4163 deorum
746 4096 896 4162 adversus
924 4094 1029 4156 lenam
1058 4110 1133 4155 cor·

109 4209 296 4288 raptricem3
326 4235 398 4277 nam
420 4227 495 4278 sunt
516 4218 646 4279 nuntius
668 4219 793 4280 amanti.
843 4210 1035 4278 Observabis
1056 4228 1138 4272 vero

113 4322 203 4382 etiam
225 4323 348 4388 Deliam
370 4331 522 4410 religiosis
550 4333 691 4396 sensibus
720 4330 856 4393 deditam
878 4329 986 4391 fuisse.
1029 4327 1138 4408 Atque
