2468 4838
538 536 722 600 TtBULLL
1086 563 1139 603 cut

110 703 192 765 tione
220 703 330 766 lentat
361 702 485 767 milidae
519 707 596 770 milri
626 720 796 791 pararunt,
832 709 983 773 Tartaron
1013 713 1136 794 punito.

109 816 279 880 Ponuntur
305 818 360 882 bic
386 816 611 901 descriptiones
637 821 735 905 Elysii
762 834 793 885 ct
815 822 956 901 Tartari,
989 836 1024 886 ut
1052 836 1136 897 amat

108 932 255 1014 oppodta
275 952 478 1016 componere.
520 933 598 998 Inde
617 958 693 1001 vero
714 936 872 1001 leniacimo
893 937 1024 1002 mentitu
1046 940 1135 1002 veni·

108 1059 162 1109 tur
184 1045 226 1110 ad
248 1048 357 1111 finem.
407 1047 496 1111 Dum
517 1048 601 1119 anim
623 1062 696 1131 poet
719 1051 965 1114 exsecrationem
989 1050 1135 1115 rivalium

109 1161 221 1225 Deliae
248 1162 421 1226 castitatem
447 1165 660 1242 comnrendat,
687 1166 813 1229 ianriam
835 1164 1028 1230 obliviscitur
1047 1187 1134 1230 mor-

107 1288 190 1356 tem,
211 1278 345 1343 manmit
364 1298 452 1362 apem
474 1281 582 1345 aalutia
604 1293 633 1346 et
655 1281 694 1345 do
715 1280 819 1347 reditu
840 1283 992 1346 incolumi
1013 1282 1135 1362 cogitat,

110 1391 166 1457 ubi
184 1391 281 1455 Delia
300 1392 382 1457 laeta
404 1395 440 1457 in
460 1396 623 1477 amplexus
648 1416 722 1460 auos
748 1406 828 1458 ruet.
879 1393 943 1472 Qui
964 1394 1135 1459 attexitur

108 1508 251 1589 egregim
275 1508 439 1588 carminia,
466 1507 617 1572 adductus
639 1531 698 1592 per
721 1508 925 1574 mutationem
950 1509 1134 1584 tententiae,

109 1631 146 1683 ut
165 1618 275 1699 videa,
303 1623 435 1704 pulchre
459 1633 678 1706 'praeparatam
700 1625 815 1687 aenaim
839 1635 958 1688 mutata
981 1624 1060 1687 facie
1082 1644 1133 1686 re·

107 1753 193 1796 rum.
235 1731 317 1797 Sutia
337 1732 378 1797 de
398 1734 468 1815 irie3
498 1736 660 1799 veniamur
681 1734 720 1799 ad
744 1736 816 1799 clia.

170 1848 308 1925 Earum,
333 1869 413 1933 quac
432 1851 597 1934 bucusque
618 1851 847 1926 recenauimue,
871 1851 1133 1932 compositionum

108 1962 185 2026 baec
205 1974 256 2024 cat
274 1961 449 2025 communia
468 1964 565 2041 ratio,
593 1963 680 2047 qnod
701 1963 796 2028 trium
816 1964 1037 2046 principalium
1059 1985 1133 2045 par·

108 2076 186 2137 tium
207 2073 343 2154 elegiae,
370 2072 440 2139 dico
463 2076 645 2154 exordium,
672 2077 811 2140 medium
834 2098 976 2156 carmen,
1002 2079 1131 2154 exitum,

109 2210 197 2254 tuam
226 2190 291 2254 eibi
320 2211 463 2275 quaeque
496 2194 657 2273 propriam
689 2191 824 2253 formam
856 2205 887 2255 et
916 2194 1133 2255 tractationem

107 2305 203 2367 babet
215 2322 278 2386 pro
293 2305 468 2384 argttmcnti
482 2302 592 2367 indole
609 2303 803 2368 adornatam.
846 2305 1015 2370 Enimvero
1032 2307 1133 2368 nasci·

109 2429 160 2481 tur
181 2418 278 2481 etiam
300 2419 385 2482 aliud
410 2421 578 2502 pulchrum
599 2441 698 2502 genua
720 2421 953 2503 compositionis
974 2443 1033 2503 per
1052 2445 1132 2504 repc-

105 2537 225 2595 man
246 2531 431 2614 formarum,
464 2533 552 2617 quod
579 2534 649 2617 ipaa
673 2535 706 2599 vi
725 2535 920 2616 repetitionis
948 2536 1066 2617 placet,
1097 2547 1132 2597 ut

104 2646 182 2711 illud
209 2648 396 2712 variatione.
446 2650 497 2713 De
521 2671 587 2734 quo
611 2672 697 2715 nunc
721 2650 890 2715 videamur.
940 2653 984 2715 Ac
1008 2658 1131 2735 primum

105 2762 235 2846 quidem
263 2761 397 2845 prodeat
428 2764 582 2829 illuatrior
611 2766 647 2826 in
676 2766 738 2830 hoc
768 2786 881 2847 genere
914 2766 1131 2842 conformatio,

105 2877 160 2940 ubi
182 2890 234 2942 ter
252 2875 336 2942 redit
355 2878 457 2942 forma
483 2877 633 2961 primaria
658 2880 834 2959 argumenti
861 2901 920 2962 per
941 2891 1002 2943 tter
1027 2891 1130 2962 partea

106 2992 233 3074 alogiae.
274 2992 433 3076 Simplex,
462 3005 495 3056 at
521 2994 721 3074 perspicuum
747 2996 926 3075 exemplum
946 2995 1010 3057 iam
1033 3012 1131 3073 cupra

104 3109 244 3175 iudicare
264 3122 424 3192 poteram,
444 3108 500 3173 eod
520 3109 621 3172 aciem
641 3109 791 3189 praeterii
809 3109 871 3171 alio
887 3109 1017 3171 coneilio
1036 3128 1130 3170 occu·

104 3236 207 3306 patae.
249 3222 383 3309 Loquor
402 3224 442 3288 da
464 3224 602 3288 carmine
624 3224 679 3301 lV,
695 3230 724 3286 6.
744 3224 800 3285 ubi
820 3222 977 3286 invocatio
998 3222 1130 3284 Iunonia

105 3338 241 3401 babetur
265 3359 325 3421 pro
349 3359 456 3403 amore
481 3339 636 3421 Sulpiciae
659 3352 691 3402 et
713 3337 865 3402 Corinthi.
915 3341 1012 3422 Atqui
1038 3340 1130 3401 invo-

105 3464 195 3516 cetur
212 3452 295 3517 luno
317 3454 353 3515 in
372 3451 521 3529 exordio,
544 3456 579 3515 in
600 3451 702 3516 medio
724 3453 860 3517 carmina
881 3453 965 3515 etin
982 3450 1061 3529 fine,
1084 3465 1130 3517 cat

104 3567 200 3648 igitur
218 3569 322 3632 iorma
342 3567 453 3631 ecdem
475 3582 525 3631 ter
545 3569 684 3650 repetita.
733 3566 797 3631 Sed
818 3567 978 3631 videamur
999 3570 1130 3629 maiora.

106 3683 181 3747 Tele
208 3685 349 3766 primum
364 3697 424 3747 eat
450 3705 576 3747 carmen
600 3687 630 3761 1,
648 3691 676 3747 9.
698 3684 786 3747 cuitu
808 3703 930 3747 summa
952 3682 1130 3744 continetur

106 3795 321 3879 indignatione
342 3800 384 3862 ob
406 3798 579 3882 perfidiam.
621 3800 760 3864 Dederat
783 3799 868 3860 enim
889 3818 922 3861 ae
943 3817 1025 3877 puer
1046 3816 1129 3859 arna-

108 3925 155 3976 taa
181 3915 253 3977 aeni
282 3911 405 3975 cuidam
428 3914 616 3996 pecunioso,
651 3935 731 3997 quac
756 3911 885 3994 perfidia
912 3912 955 3973 ita
983 3910 1130 3971 excitavit

107 4027 278 4104 Tibullum,
301 4041 335 4089 ut
349 4030 563 4109 grauissimum
584 4051 709 4091 car-rnen
730 4029 889 4090 scriberet.
931 4027 1034 4088 Habet
1053 4047 1128 4089 vero

109 4154 325 4223 argumentum
346 4164 430 4207 nuuc
448 4164 516 4205 carn
535 4145 684 4217 formant,
708 4153 742 4204 ut
762 4141 978 4220 obiurgatione
1002 4152 1032 4202 et
1054 4159 1128 4219 poe-

111 4274 164 4317 nae
180 4254 421 4319 denuntiatione
442 4268 560 4318 conetet
577 4258 688 4339 hicque
707 4254 829 4318 duabus
849 4256 942 4317 rebus
961 4252 1127 4317 conflatum
