2468 4838
495 568 679 634 TlBULLl.
1025 604 1100 647 exn,

69 742 235 820 teruntur,
263 751 296 803 et
318 749 466 803 ornatum
488 760 615 823 rerum,
645 745 744 809 oculis
767 766 864 830 quem
884 748 1009 833 videas,
1037 778 1094 821 ex.

67 868 211 939 ponunt3
231 856 353 917 Tibulli
370 874 447 918 vero
465 852 697 938 descriptiones,
718 862 945 941 ingeniosiores
963 883 995 933 et
1011 873 1094 935 mul·

68 971 182 1051 tiplicis
212 970 353 1050 generis,
381 965 518 1031 reddunt
539 972 642 1033 varias
665 992 732 1051 res,
760 980 866 1042 varios
890 1003 1017 1064 sensus,
1045 988 1093 1050 at'·

68 1085 184 1162 sectus,
208 1083 430 1163 cogitationes,
449 1084 686 1165 imaginationes
707 1103 835 1170 poetae,
860 1107 895 1157 ut
915 1096 978 1161 fert
999 1122 1093 1181 argu·

68 1210 210 1261 mentum
232 1197 417 1261 carminum.
465 1198 605 1263 Aecum
627 1206 802 1282 praeclaras
825 1206 942 1273 formas
965 1234 1093 1297 compo-

69 1314 192 1377 sitionis
211 1313 248 1375 in
266 1314 307 1375 iis
325 1311 443 1377 rideris
467 1334 580 1396 supra,
610 1314 791 1399 Lygdamus
814 1323 895 1386 nihil
912 1325 1095 1395 huiusmodi

71 1430 166 1493 hebet
188 1428 392 1511 exquisitius,
418 1425 454 1489 in
482 1430 703 1510 sepulcretium
723 1454 800 1495 vero
829 1435 949 1501 rituum
977 1440 1094 1505 descri-

71 1544 179 1623 ptione
201 1541 298 1605 etiam
315 1538 447 1605 modum
468 1544 601 1607 excessit
618 1556 652 1607 et
673 1543 715 1608 ad
733 1548 905 1615 nsinutiora
923 1552 1094 1621 deseendit.

72 1656 135 1719 Atii
159 1668 225 1720 trcs
248 1654 313 1721 ioci
338 1658 374 1719 in
404 1656 595 1719 carminibus
620 1666 658 1735 3,
680 1658 717 1736 t,
736 1666 768 1723 5.
790 1682 831 1725 ne
859 1676 935 1726 sunt
962 1667 1091 1749 quidem

71 1768 306 1853 descriptiones,
318 1768 377 1833 sed
389 1771 592 1851 repetitiones
606 1772 699 1835 uninc
713 1776 884 1841 sententiae
898 1776 937 1841 ad
954 1780 1091 1845 taedium

73 1890 284 1951 continuatae.
331 1887 396 1951 Ubi
423 1888 536 1967 igitur,
568 1910 688 1971 quaero
713 1892 845 1971 iterum,
875 1896 930 1957 illa
956 1918 1008 1961 are
1035 1898 1092 1963 de·

72 2002 277 2085 ecriptionum
292 2002 490 2081 Tibulliana,
508 2001 563 2065 itia
582 2003 730 2081 varietas,
750 2006 823 2068 illae
843 2012 1092 2095 coniunctiones,

72 2118 288 2200 oppositiones
312 2118 520 2197 complurium
542 2112 787 2198 descriptionum
812 2121 977 2201 egregiae?
1027 2127 1093 2191 Sed

73 2230 339 2295 considerabimus
365 2228 502 2311 denique
531 2230 624 2293 etiam
651 2232 806 2313 reliquam
833 2239 1092 2317 compositionem

73 2348 187 2411 horum
216 2347 392 2409 carminum
419 2346 567 2409 breviter.
617 2345 674 2409 Est
702 2350 795 2409 etiam
823 2348 901 2411 haec
927 2353 1092 2435 eiusmodi,

72 2472 106 2524 ut
124 2481 285 2544 nusquam
305 2459 503 2523 Tibullianse
523 2472 697 2525 structurae
717 2463 919 2541 pulchritudo
943 2486 1092 2549 expressa

73 2573 241 2651 habeatur,
278 2572 543 2655 quemadmodum
572 2574 663 2635 facile
692 2594 874 2654 cognoscas,
914 2583 970 2643 ubi
997 2595 1028 2644 te
1056 2588 1091 2647 iu

74 2688 181 2749 talium
212 2706 323 2751 rerum
351 2686 490 2749 studium
519 2686 738 2747 insinuaveris.
797 2688 881 2751 Nam
912 2695 1014 2775 qualis
1045 2710 1092 2759 est

73 2804 151 2867 ratio
168 2800 311 2878 exordii,
329 2804 447 2879 exitus,
465 2802 578 2867 divisio
593 2802 707 2884 reliqui
724 2802 894 2869 carminis?
928 2808 1092 2874 Facimnus

74 2932 223 3005 aquarta
245 2918 344 3001 elegia
362 2918 499 2981 initium.
545 2920 700 2981 Versatur
720 2920 917 3001 querimonia
938 2922 1092 3005 Lygdami

74 3034 204 3096 omnino
228 3031 264 3093 in
288 3052 344 3110 eo,
371 3030 458 3115 quod
478 3030 619 3107 Neaera,
649 3052 730 3113 qnae
754 3032 815 3095 sibi
840 3054 958 3114 sponsa
979 3038 1092 3113 fueret,

73 3148 166 3209 alium
188 3147 295 3212 virum
317 3146 513 3227 praeferebat
539 3145 631 3225 eique
657 3146 777 3207 nubere
801 3148 938 3211 volebat.
986 3154 1091 3232 Atque

73 3260 130 3325 doc
159 3264 299 3323 carmine
327 3260 486 3325 somnimn
512 3260 615 3339 fingit,
647 3257 734 3341 quod
763 3260 900 3341 primum
926 3262 1092 3325 certiorem

73 3376 178 3439 iecerit
192 3371 233 3437 de
248 3374 331 3437 tristi
344 3394 396 3452 re,
415 3374 461 3436 ita
474 3392 551 3437 vero
567 3385 784 3453 argumentum
798 3386 919 3439 tractat.
948 3374 1091 3442 Exordio

72 3502 220 3575 precatur
243 3502 282 3577 ut
308 3487 354 3553 dii
375 3490 507 3552 meliora
529 3488 633 3549 ferant
659 3509 719 3551 nec
739 3510 816 3551 vera
839 3490 901 3551 sint
926 3490 1092 3569 insomnia,

73 3628 152 3691 quae
185 3626 278 3685 aegre
310 3602 409 3669 eredit
438 3616 471 3667 et
500 3606 608 3667 inania
638 3603 723 3669 dicit.
787 3604 854 3667 lam
884 3608 1028 3689 sequitur
1056 3607 1092 3667 in

75 3720 176 3787 medio
199 3721 338 3785 carmine
362 3719 505 3784 namatio
525 3720 639 3783 somnii
663 3721 772 3801 ipsius.
822 3721 877 3781 Est
897 3721 1013 3801 Apollo
1036 3744 1092 3801 pa·

73 3846 184 3899 nonus
204 3848 385 3915 poetarum,
408 3833 465 3917 qui
485 3835 640 3915 apparuit.
679 3834 783 3897 Huius
805 3833 944 3914 primum
966 3835 1091 3897 habitus

76 3944 261 4013 describitur
280 3946 386 4009 multis
407 3948 526 4026 verbis,
548 3957 617 4007 tum
638 3948 771 4027 loquens
795 3944 871 4009 deus
894 3948 1019 4009 nuntiat
1040 3949 1094 4011 alii

77 4066 193 4127 subere
220 4065 301 4128 velle
327 4062 498 4140 Neaeram,
537 4062 692 4125 consulari
722 4074 826 4123 tamen
855 4063 948 4124 simm
979 4063 1093 4143 studet,

77 4198 142 4243 mm
163 4178 250 4243 flecti
273 4181 394 4262 possint
419 4181 541 4261 puellae
567 4176 689 4241 blandis
712 4180 816 4241 verbis
840 4190 870 4239 et
894 4178 1021 4241 servitio
1042 4199 1092 4241 sa·

79 4290 161 4371 dato,
183 4292 312 4376 dicique
331 4293 419 4356 iubet
439 4292 532 4357 etiam
547 4292 689 4355 Neaerae
710 4305 744 4355 ut
765 4293 891 4357 absistat
912 4315 931 4354 a
951 4294 1092 4371 consilio,

786 4411 807 4470 h
