2468 4838
152 607 245 649 ctvut
564 582 623 646 DE
644 577 765 646 Possst

151 752 327 817 donatione
356 752 527 817 sententiae
553 771 613 833 pro
640 751 772 815 relativo
804 749 941 813 suaviter
969 769 990 810 a
1016 727 1180 811 veteribus

151 867 372 948 repetitionem
394 866 585 951 nominis-in
606 863 737 929 secundi
755 883 866 926 versus
888 862 993 940 initio,
1027 864 1085 924 ubi
1113 862 1178 924 iam

154 979 327 1043 accuratius
359 977 537 1057 designatur
566 998 617 1039 res
642 974 793 1054 indicata,
823 996 897 1038 raro
919 973 1081 1053 adhibuit,
1111 997 1176 1039 non

155 1089 250 1154 credo
272 1112 343 1155 ceso
366 1092 493 1153 iactum.
535 1090 621 1152 Dicit
643 1091 683 1165 ll,
704 1098 735 1166 2,
759 1094 809 1151 18.
834 1094 895 1150 19¹:

280 1204 440 1287 Flavaque
463 1203 607 1282 coniugio
629 1203 755 1267 vincula
774 1202 880 1282 portet
896 1200 1012 1277 Amor,

238 1317 388 1395 Vincula,
419 1336 498 1400 quae
520 1327 666 1379 maneant
687 1326 812 1398 semper
826 1327 897 1378 cet.

118 1489 120 1493 .
155 1439 187 1489 et
210 1427 256 1506 11,
277 1433 313 1509 5,
336 1435 390 1492 30.
410 1434 470 1492 31:

285 1540 420 1603 Garrula
441 1542 576 1605 silvestri
596 1541 700 1606 fistula
720 1563 808 1604 sacra
827 1540 904 1617 deo,
1015 1568 1019 1579 ·

240 1652 377 1735 Fistula,
401 1655 454 1716 cui
474 1675 596 1736 semper
618 1654 768 1722 decrescit
786 1651 950 1717 mundicia
969 1647 1065 1725 ordo,

154 1766 321 1830 nervosius
351 1779 386 1828 ut
405 1767 445 1829 sit
460 1768 594 1843 ,initium
616 1769 790 1834 hexametri
814 1788 840 1830 s.
859 1765 987 1828 distichi
1014 1759 1173 1845 moestis

155 1879 279 1962 (similis
295 1881 450 1964 Lygdami
469 1904 559 1962 usus,
582 1885 636 1962 ΠΙ,
649 1890 680 1961 5,
693 1885 747 1965 2):
769 1882 825 1946 sad
846 1886 908 1946 boc
926 1901 979 1944 res
999 1881 1069 1961 ip'aa
1084 1877 1176 1941 docet

155 2014 221 2056 non
241 2013 333 2075 posse
356 2015 449 2076 saepe
471 1996 589 2060 iterari.
638 1994 776 2062 Onmiiao
804 1998 866 2059 boc
891 1995 1017 2059 schema
1036 1994 1176 2075 plerum·

155 2127 218 2190 que
237 2107 423 2188 exquisitius
446 2122 493 2173 stt
514 2121 544 2173 et
565 2120 625 2190 pro
645 2113 768 2174 ratione
787 2111 933 2173 locorum
953 2128 1038 2169 nunc
1058 2105 1176 2184 magni·

154 2217 310 2283 licentiam
332 2218 489 2303 quandam
516 2222 611 2286 babet
638 2236 675 2286 ut
702 2225 737 2286 in
762 2224 850 2305 spica
869 2222 961 2304 poesi
984 2241 1016 2285 v.
1037 2239 1064 2283 c.
1085 2219 1175 2297 Virg.

154 2333 233 2395 Aen.
252 2332 295 2410 X,
319 2338 397 2399 1802
438 2374 442 2379 -
469 2406 472 2411 Ι
775 2390 781 2397 ,

239 2477 282 2490 -
302 2477 346 2490 -
368 2477 414 2492 -·
433 2480 478 2515 -τ
496 2484 542 2496 -
562 2446 714 2532 Sequitur
739 2446 969 2530 pulcherrimus
991 2448 1103 2522 Astur,

282 2556 381 2619 Astur
401 2578 483 2642 equo
507 2559 625 2638 fidens,

154 2691 195 2731 ne
218 2668 256 2732 de
278 2670 418 2735 Homero
441 2671 558 2750 dicam,
583 2696 669 2737 nunc
689 2675 914 2739 mollissinurm'
929 2685 975 2736 est
994 2684 1030 2735 et
1051 2670 1177 2735 affectui

155 2783 293 2846 molliori
322 2785 452 2849 inservit
474 2801 529 2849 aut
553 2789 733 2868 venustati,
760 2801 795 2851 ut
821 2789 856 2849 in
883 2785 981 2864 elegia
1005 2782 1176 2868 Propertii,

154 2915 227 2956 v.c.
246 2895 280 2971 l,
304 2900 342 2971 3,
363 2901 432 2959 255

238 3002 416 3089 Omniaque
436 3009 558 3088 ingrato
580 3011 719 3091 largibar
740 3020 872 3075 manera
893 3030 1025 3089 somno,

282 3121 419 3186 Munera
440 3121 480 3185 de
501 3144 605 3206 prono
629 3144 722 3206 saepe
741 3126 852 3189 voluta
872 3124 954 3187 sinu.

154 3242 186 3293 et
205 3230 282 3295 ibid.
302 3239 361 3297 312

239 3346 351 3407 Donec
372 3345 509 3410 diversas
535 3366 722 3426 percurrens
744 3348 821 3409 luna
843 3347 1015 3425 fenestras,

278 3458 372 3520 Luna
393 3462 562 3521 moraturis
584 3458 695 3523 sedula
716 3461 890 3524 luminibus
912 3474 971 3524 cet.

155 3570 240 3641 etl,
264 3576 322 3648 11,
343 3575 404 3633 29:
999 3568 1003 3574 ’

240 3681 291 3744 Τιι
316 3682 412 3747 modo
434 3703 528 3766 qiiem
549 3685 687 3763 primum
711 3695 872 3764 renuptae
892 3682 1001 3747 desere
1021 3682 1128 3745 Bnirs.

280 3795 391 3859 Multis
412 3797 470 3857 ista
492 3793 610 3857 dabant
630 3797 737 3858 littora
758 3794 939 3873 dissidium,

238 3908 377 3986 Littera,
405 3930 485 3992 quae
506 3911 633 3973 fuerant
656 3912 747 3972 castis
771 3909 898 3975 inimica
920 3909 1045 3990 puellis.

151 4018 242 4083 Adde
271 4022 319 4099 ll,
348 4028 381 4099 1,
409 4029 460 4085 ⁵2.
489 4024 537 4101 ll,
564 4032 601 4102 7,
631 4029 679 4086 18.
733 4019 795 4085 Sed
822 4022 875 4084 bic
903 4042 978 4086 usus
1002 4021 1128 4084 disnus
1158 4045 1178 4082 a

152 4134 273 4195 Tibulli
300 4136 400 4216 poesi.
447 4136 558 4199 Aliena
587 4136 680 4197 etiam
706 4135 912 4225 epanudiplon‘s
935 4145 998 4212 est,
1026 4155 1058 4198 vt
1073 4153 1101 4196 c.
1126 4134 1176 4195 Ab

153 4244 322 4329 Corydon,
354 4245 523 4330 Corydonl
557 4261 612 4311 aut
632 4247 716 4330 apud
738 4247 848 4310 Horat.
896 4242 1033 4322 Occidit,
1063 4243 1176 4310 occidit
