2468 4838
155 640 225 693 cupi
562 615 619 679 DE
641 610 765 681 POESI

152 791 338 852 membrorum
366 787 493 869 putatas
520 789 576 847 sne
603 788 783 868 pariensi,
813 787 868 845 sina
892 802 945 865 per
974 781 1173 858 gradationem

152 909 371 969 conmodorum.
391 934 436 949 ·-
483 901 648 963 Postremo
669 897 709 961 da
728 898 878 980 Lyqdm
899 916 1044 979 weram
1094 893 1173 957 Cum

155 1018 249 1078 huius
271 1015 373 1096 poesis
393 1013 554 1075 remissior
573 1012 615 1076 sit
636 1024 666 1074 et
683 1012 792 1093 vigore
812 1012 931 1074 maiore
952 1021 1071 1086 careat,
1100 1030 1171 1072 raro

155 1131 255 1191 utitur
275 1128 456 1208 anaphora,
490 1137 526 1189 ut
546 1127 636 1188 iacile
657 1138 829 1207 exspectes.
883 1123 1060 1187 Nervosiur
1086 1126 1171 1186 locus

154 1253 202 1303 est
221 1241 276 1315 ΠΙ,
300 1245 329 1314 6,
353 1244 391 1302 13
414 1259 502 1322 sqq.=

238 1356 296 1418 Ille
316 1353 390 1416 facit
406 1353 498 1415 mites
519 1351 640 1415 aniutos
662 1348 754 1430 deus,
774 1350 827 1412 ille
847 1350 985 1413 ferocem

282 1463 434 1528 Contudit
455 1477 487 1527 et
508 1462 652 1527 dominae
674 1463 758 1527 misit
775 1465 810 1525 in
835 1464 1015 1542 arbitrium,

237 1560 401 1640 Armenias
419 1578 513 1659 tigres
535 1591 566 1639 et
586 1579 688 1651 fulvas
709 1578 761 1639 ille
783 1579 909 1640 leaenas

279 1691 364 1752 Vicit
384 1703 414 1754 et
436 1689 597 1753 indomitis
618 1690 724 1752 mollia
744 1688 840 1753 corda
862 1688 961 1768 dedit,

154 1801 209 1866 sed
234 1800 288 1865 diu
310 1824 443 1886 quaeras
463 1802 514 1866 hic
535 1804 631 1865 alium
652 1804 796 1866 similem.
846 1802 911 1866 Ubi
936 1802 1078 1869 invenias
1108 1804 1174 1864 illus

154 1918 330 1997 praeclaras
354 1914 535 1994 divisiones,
563 1917 790 1999 oppositiones,
811 1914 1034 1998 gradationcs‚'
1052 1916 1084 1977 in
1106 1917 1175 2001 qni·

155 2032 215 2090 bus
245 2027 330 2111 apud
351 2030 515 2093 Tibullum
546 2029 708 2110 anaphora
735 2025 900 2110 splendet?
951 2008 1075 2111 Nempe
1100 2032 1174 2092 haec

155 2143 254 2220 figura
275 2141 369 2204 etiam
395 2143 609 2207 inventionem
638 2143 776 2223 pustulat
796 2153 827 2204 et
847 2142 1030 2205 varietatem
1056 2144 1175 2205 felicem

157 2254 396 2333 sententiarum,
422 2258 547 2339 qualem
568 2254 696 2317 Tibullo
717 2254 835 2336 ingenii
855 2256 980 2318 ubertas
999 2257 1175 2339 suppedita-

156 2370 227 2444 bat,
248 2367 411 2450 Lygdamo
428 2381 533 2430 autem
548 2388 615 2430 non
637 2366 830 2432 donauerant
852 2365 907 2431 dii.
949 2367 1082 2452 Saepius
1102 2391 1176 2433 vcro

159 2479 377 2562 deprehendas
399 2503 491 2543 usum
515 2481 693 2561 anaphoras
719 2481 949 2559 nervosiorem,
982 2483 1038 2545 ubi
1059 2505 1110 2544 res
1131 2484 1177 2543 le·

156 2597 265 2672 rebat,
286 2595 320 2655 in
344 2593 482 2674 elegidiis
512 2594 616 2677 quarti
636 2594 726 2671 libri,
754 2595 890 2656 maxime
921 2616 1017 2658 carm.
1037 2602 1070 2658 2.
1091 2609 1121 2659 et
1139 2603 1177 2673 3.,

157 2720 188 2771 et
216 2707 268 2769 hic
295 2707 359 2769 illic
388 2707 422 2768 in
451 2709 577 2786 ceteris,
607 2720 641 2770 ut
670 2708 775 2789 ipsum
795 2708 956 2770 Tibullum
981 2708 1093 2772 audire
1123 2711 1178 2772 tibi

156 2818 302 2882 videaris.
321 2854 365 2871 -ψ-
406 2821 553 2882 Diximus
576 2818 616 2880 de
645 2822 824 2902 anaphora3
853 2833 977 2883 nauseo
1010 2825 1055 2883 od
1085 2836 1179 2887 cetae

156 2935 304 2992 schemata
330 2934 410 2992 huius
436 2938 554 3010 paretis.
596 2932 651 2994 Est
679 2946 785 2995 antem
814 2933 894 2995 aliud
922 2934 1064 2998 notabile
1094 2958 1180 3015 garos

157 3049 319 3127 repetitionis
342 3049 371 3105 in
389 3051 520 3128 oppositis
539 3050 689 3123 smumtiis,
722 3069 794 3109 cum
820 3066 881 3128 pru
905 3048 1097 3128 pronomine
1127 3049 1179 3113 de-

157 3159 364 3222 monstrativo
393 3158 615 3239 significantius
644 3172 676 3221 et
703 3160 800 3241 magis
826 3160 949 3242 poetice
973 3159 1057 3223 inter
1084 3166 1180 3229 verba

158 3269 289 3333 secundi
307 3272 371 3334 loci
386 3271 493 3355 ipsum
512 3294 645 3350 nomen,
667 3272 771 3354 ipsum
793 3276 944 3353 verbnm,
965 3275 1035 3359 ipsa
1058 3277 1181 3360 phrasis

157 3388 249 3467 prior
267 3383 366 3456 redit,
395 3398 432 3447 ut
451 3387 522 3447 Tib.
541 3387 572 3463 1,
594 3387 631 3463 t,
654 3388 715 3448 74:

244 3499 330 3559 llaec
351 3500 445 3576 mihi,
474 3519 555 3582 quae
579 3518 723 3562 canerem
742 3498 842 3578 Titio,
871 3498 949 3562 deus
970 3498 1067 3564 edidit
1088 3523 1159 3567 ore:

286 3611 347 3673 Sed
372 3614 471 3674 litium
497 3613 636 3675 coniunx
659 3613 736 3675 haec
758 3613 935 3674 meminisse
957 3626 1051 3678 vetat.

160 3750 208 3809 pr.
229 3724 285 3787 sed
307 3746 390 3787 eum.
432 3726 533 3787 Porro
554 3727 594 3801 11,
616 3727 647 3804 4,
669 3729 729 3787 512

244 3841 329 3901 Vera
350 3836 477 3920 quidem
499 3858 635 3915 moneo,
667 3837 723 3900 sed
743 3853 876 3920 prosunt
897 3840 973 3924 quid
996 3840 1073 3902 milri
1094 3844 1184 3902 cern?

161 3973 208 4031 pr.
230 3949 284 4013 sed
305 3949 384 4033 quid
406 3952 484 4013 mihi
503 3964 635 4033 prosunt
656 3946 753 4013 llaec?

160 4065 242 4126 Vide
266 4068 357 4126 ctiam
379 4066 418 4143 ΙΙ,
441 4072 470 4142 6,
496 4071 554 4127 11:

246 4180 361 4258 Magna
375 4180 507 4263 loquor,
537 4177 592 4239 sed
613 4177 774 4257 magnifice
795 4176 872 4237 mihi
889 4198 997 4253 magna
1017 4180 1110 4238 inno

288 4292 460 4354 Excutiuut
482 4293 604 4353 claiuae
625 4291 719 4353 lortia
741 4291 838 4353 verba
858 4290 952 4352 iores.
