2484 4906
542 594 724 660 rtuuum.
1065 620 1154 681 xm,

246 769 289 831 At
310 764 389 831 mihi
409 766 436 827 si
456 763 575 846 credas,
593 767 678 830 illam
701 788 814 852 sequar
836 790 918 833 unus
940 767 979 833 ad
1000 793 1090 838 aras:

335 884 425 946 Tunc
447 885 526 948 milri
546 906 613 950 uun
636 886 733 948 oculis
757 886 796 949 sit
816 887 956 950 timuisse
975 889 1064 967 meis,

115 1001 234 1082 colligit
244 1000 340 1063 etiam
350 999 424 1061 hinc
435 999 649 1083 antiquiorem
659 1000 755 1063 fuisse
767 999 974 1082 Lygdamum,
987 1002 1142 1087 siquidem

114 1117 205 1200 prius
216 1114 321 1179 maior
333 1102 450 1177 horror
464 1115 579 1178 borum
594 1135 757 1179 sacrorum
768 1128 860 1179 esent.
894 1115 958 1181 Sed
973 1114 1045 1183 vide
1060 1138 1141 1202 quae

114 1229 184 1295 dixi
202 1228 246 1293 nd
265 1229 339 1292 illos
359 1230 458 1293 lacos.
506 1230 654 1313 Denique
674 1229 892 1312 imperfectam
911 1245 1010 1296 artem
1030 1246 1141 1315 poetae

114 1345 323 1410 rusticitatem
344 1344 480 1427 appellat
499 1336 686 1409 horridioris
706 1347 787 1410 aevi.
829 1345 892 1411 Sed
907 1349 957 1411 liis
980 1360 1075 1434 utque
1094 1363 1142 1413 ta·

113 1462 198 1525 libus
220 1459 304 1523 nibil
323 1459 457 1523 efficitur
478 1456 564 1543 quod
588 1479 787 1524 commovere
813 1482 1005 1547 quemquam
1025 1467 1142 1546 possit,

113 1599 215 1662 quara
247 1596 334 1641 nunc
362 1577 454 1639 mitto
484 1577 575 1642 istam
606 1577 800 1658 opinionem.
853 1579 979 1667 Optime
1008 1604 1085 1647 vero
1109 1586 1162 1648 et'

113 1694 285 1758 rectissime
315 1689 460 1767 Oebolte,
488 1703 524 1754 ut
553 1692 670 1755 iecerat
698 1695 792 1758 etiam
818 1693 997 1777 Spohnius,
1024 1697 1140 1760 refutat

112 1809 266 1874 Vossitim
301 1809 507 1890 repugnantis
541 1811 640 1873 multa
673 1808 712 1872 da
747 1809 910 1894 Lygdamo
943 1810 1138 1877 fundentem.

111 1926 229 2011 Neque
248 1926 337 1988 euius
356 1925 529 1987 Graeculus
549 1926 611 1989 luit
631 1938 663 1989 ct
683 1928 847 1993 libertinae
865 1927 1061 2007 conditionis,
1082 1930 1137 1993 aed

111 2045 295 2107 Romanum
315 2061 348 2105 se
371 2041 446 2104 dicit
464 2043 542 2124 ipse,
564 2055 600 2104 ut
620 2045 820 2109 observatum
839 2045 978 2126 primum
1000 2068 1019 2108 a
1036 2047 1137 2127 Wag-

112 2179 191 2222 nero
213 2170 276 2234 est,
301 2155 391 2218 initio
411 2156 487 2217 libri
508 2156 607 2219 tertii:

242 2270 398 2332 Exoriens
418 2269 533 2331 nostris
554 2270 605 2330 ltic
626 2269 687 2331 suit
707 2290 807 2333 annus
830 2273 912 2347 avis,

111 2407 216 2472 nsque
236 2403 353 2465 egenus
368 2385 472 2465 potuit
487 2404 562 2461 esse,
586 2383 642 2466 qui
657 2384 779 2446 lautum
799 2386 979 2450 convivium
993 2387 1028 2449 in
1047 2401 1136 2452 sexta

110 2503 211 2584 elegia
227 2499 383 2578 describit,
407 2500 463 2562 ubi
484 2498 577 2561 etiam
594 2512 755 2581 unguenta
775 2502 913 2582 pretioso
931 2523 997 2568 non
1013 2503 1135 2582 desunt,
1207 2520 1224 2535 ⁴

111 2632 143 2680 et
164 2630 248 2680 amnt
277 2616 407 2680 omnino
432 2614 617 2694 elegantiam
641 2627 672 2678 et
697 2617 811 2679 luxum
835 2617 1010 2700 quendam,
1037 2625 1136 2685 veluti

110 2755 184 2796 cum
208 2733 325 2795 librum
355 2729 473 2792 amicae
494 2728 624 2790 missum
648 2726 796 2791 describit
817 2742 872 2792 aut
892 2731 1030 2795 honores
1049 2754 1136 2796 mor·

108 2862 165 2912 tuo
196 2847 257 2908 sibi
285 2840 475 2908 reddendos.
526 2840 590 2904 Sed
619 2839 786 2905 dicendum
815 2864 899 2906 nunc
928 2842 967 2907 de
997 2845 1134 2911 editione

109 2963 280 3042 elegiarum
309 2970 355 3023 est
384 2954 462 3042 quid
491 2958 633 3021 sentiam.
675 2957 796 3040 Nempe
819 2972 907 3023 acute
927 2962 1006 3023 mibi
1030 2962 1133 3026 Lach-

108 3096 245 3139 mannus
266 3094 354 3137 meus
373 3085 507 3137 statuere
530 3069 657 3135 uidetur
679 3071 714 3132 in
733 3072 945 3135 Anuototione
967 3075 1051 3138 libro
1069 3090 1134 3139 ter·

107 3194 153 3255 tic
174 3163 326 3272 praeliis,
346 3185 445 3252 editos
466 3199 531 3250 tres
555 3185 682 3249 ultimos
698 3185 796 3248 libros
814 3188 854 3247 ab
876 3187 937 3250 ulio
955 3202 1027 3268 post
1047 3211 1133 3253 mor·

107 3319 172 3368 tem
194 3306 325 3368 Tibulli.
368 3305 528 3379 Tibullus,
549 3314 585 3364 ut
608 3301 743 3367 vidimus
766 3322 878 3385 supra,
898 3318 1042 3370 mortuus
1065 3322 1132 3371 erat

109 3430 137 3484 ab
156 3441 266 3485 umore
287 3420 439 3499 Nemesis,
461 3421 518 3504 qui
538 3440 628 3482 amor
648 3439 721 3481 cum
741 3439 808 3482 non
827 3419 935 3484 finitus
959 3436 1049 3500 esset,
1072 3445 1130 3486 nec

106 3540 190 3601 liber
209 3535 368 3600 secundus
386 3535 449 3599 dici
470 3548 573 3618 potest
594 3557 613 3597 a
633 3536 761 3598 Tibullo
782 3537 909 3617 linitus,
936 3539 999 3633 sed·
1015 3544 1131 3623 proba.

107 3655 170 3718 bile
196 3668 244 3717 est
262 3657 439 3736 longiorem
459 3655 600 3716 iuturum
628 3653 725 3715 fuisse
746 3667 777 3716 et
797 3654 897 3736 priori
918 3655 1131 3735 magnitudine

108 3771 298 3849 similiorem,
320 3771 348 3833 si
367 3783 460 3864 poete
481 3767 597 3832 diutius
617 3769 764 3848 vixisset3
783 3792 886 3854 neque
911 3773 995 3833 enim
1016 3770 1130 3832 edidis·

109 3897 151 3946 set
171 3898 245 3947 aute
263 3885 357 3947 linem
377 3886 503 3948 amoris.
545 3883 638 3945 Nunc
655 3883 750 3962 igitur
767 3894 802 3945 ut
820 3884 964 3959 habetur,
981 3904 1022 3945 ex
1042 3886 1130 3948 sclie-

110 3998 154 4059 dis
174 4000 260 4061 Albii
281 4001 322 4061 ab
347 3999 408 4062 alio
434 3997 536 4061 editus
557 4009 620 4073 est,
644 4018 679 4057 uc
700 4016 772 4058 cutu
793 3998 900 4061 omnia
924 3999 998 4060 sntio
1022 4002 1128 4065 elabo-

110 4123 172 4173 rata
195 4110 338 4191 videam,
359 4127 529 4179 esttamen
549 4113 584 4175 in
606 4113 698 4175 tertio
717 4113 854 4175 carmine
876 4112 1042 4199 descriptio
1063 4138 1128 4181 ser·

111 4226 173 4287 vitii
192 4228 353 4310 Apollinei
374 4228 459 4312 apud
480 4229 667 4307 Admetum,
694 4230 728 4291 in
751 4250 814 4311 qua
839 4230 978 4294 ultimam
998 4255 1127 4298 manum

113 4337 259 4410 desidero.
303 4344 366 4408 Sed
387 4344 470 4411 idem
490 4348 558 4422 ille,
581 4347 637 4429 qui
655 4346 739 4408 bunc
761 4346 878 4411 librum
900 4347 1013 4428 edidit,
1034 4350 1127 4414 simul
