2468 4838
566 81 680 197 -
788 200 792 201 ⁷
876 193 923 204 ,m

148 648 268 689 uxxxrv
557 625 614 687 DE
637 623 756 690 POESI

147 798 391 880 descriptionum
415 797 518 872 varia,
551 817 653 878 pauca
679 816 753 858 vero
779 787 931 879 m'ythica,
962 793 1032 860 dico
1058 797 1169 860 vatici·

146 914 234 975 nium
257 910 412 995 Sibyllae,
444 907 553 971 laudes
581 905 731 988 Osiridis,
765 930 865 991 porro
888 909 1001 992 Elysii,
1030 910 1168 988 Tartari,

145 1052 258 1093 aureae
284 1028 392 1092 aetatis
412 1040 458 1103 et,
490 1046 585 1108 quam
609 1024 713 1089 statim
734 1025 1015 1106 considerabimus,
1046 1029 1167 1091 servitii

143 1145 303 1226 Apollinei
328 1140 413 1224 apud
440 1139 610 1204 Admetum
640 1138 897 1224 descriptionem,
929 1162 987 1204 nec
1015 1142 1165 1232 historica

143 1259 264 1336 videas,
298 1257 360 1320 nisi
389 1257 444 1318 ubi
470 1257 623 1319 Messalae
653 1257 785 1320 victoria
810 1256 997 1339 Aquitanica
1024 1256 1164 1317 breviter

142 1374 327 1436 celebratur.
368 1371 483 1433 Nullae
504 1393 581 1434 vero
607 1372 803 1435 narrationes
829 1369 942 1432 adsunt
962 1371 1091 1451 proprie
1114 1368 1162 1432 di·

142 1487 273 1564 rendae,
299 1509 377 1570 quas
398 1508 464 1550 non
486 1489 558 1550 fecit
579 1486 741 1566 Tibullus3
769 1486 913 1550 describit
935 1505 1016 1567 quae
1037 1483 1161 1562 cogitat,

140 1603 248 1678 sentit,
277 1601 478 1680 imaginatur,
506 1601 597 1680 facit,
627 1621 693 1663 non
722 1612 829 1662 narrat
846 1614 1008 1681 usquam,
1038 1610 1076 1660 ut
1103 1599 1160 1660 ali·

139 1714 263 1796 quoties
279 1713 463 1794 Propertius
485 1713 566 1791 lecit,
587 1735 618 1776 v.
629 1736 655 1776 c.
671 1714 696 1788 l,
711 1722 741 1775 3.
781 1713 844 1775 Vel
864 1713 938 1774 hinc
955 1722 1050 1794 patet,
1072 1710 1158 1795 quod

137 1830 321 1913 ceteroquin
354 1829 447 1890 etiam
482 1850 549 1891 uon
582 1830 719 1890 monitus
761 1828 851 1890 lacile
887 1828 1049 1903 coniicias,
1090 1848 1158 1890 non

138 1948 321 2006 exhaustam
346 1965 364 2003 a
386 1944 514 2004 Tibullo
536 1940 734 2003 describendi
755 1952 871 2019 artem3
904 1952 977 2004 sunt
996 1942 1157 2022 praeclara

136 2059 265 2122 artificia
291 2078 371 2140 quae
399 2077 465 2118 nou
491 2056 608 2134 attigit,
639 2055 737 2116 veluti
760 2054 841 2116 illud
866 2054 901 2115 iu
921 2054 1156 2117 narrationibus

135 2184 329 2253 usurpatum,
350 2170 408 2231 ubi
425 2168 615 2249 exspectatio
632 2178 786 2244 movetur,
804 2166 1007 2248 suspenditur
1022 2168 1155 2246 animus,

133 2284 301 2346 interiectis
325 2282 408 2361 aliis,
430 2280 530 2343 donec
553 2279 623 2343 linis
642 2278 763 2341 evadat.
806 2280 963 2343 Nimirum
983 2281 1066 2342 intra
1088 2301 1155 2342 cer-

133 2410 181 2460 tos
197 2399 275 2459 lines
291 2418 323 2460 se
342 2396 480 2459 continet
496 2395 651 2457 Tibullus.
695 2397 822 2456 Placent
841 2416 950 2458 omnes
970 2394 1155 2477 descriptio·

133 2534 188 2575 nes
209 2512 314 2574 nativa
337 2509 472 2593 quadam
493 2509 685 2590 simplicitate
707 2510 916 2588 inventionis,
939 2511 973 2573 iu
996 2512 1155 2592 ooutposi-

130 2631 216 2692 tione
243 2647 321 2693 vero
354 2626 433 2689 nihil
468 2644 536 2687 nou
566 2623 607 2687 ad
634 2627 833 2688 distinctionem
863 2640 999 2689 monam
1025 2633 1153 2711 portium

129 2757 313 2822 revocatur,
335 2764 415 2828 quae
437 2763 496 2824 per
514 2761 621 2805 omues
640 2743 757 2805 formas
777 2756 886 2823 regnat
907 2766 925 2804 a
944 2746 1037 2808 nobie
1055 2744 1151 2810 modo

130 2858 328 2938 explanatas,
361 2868 391 2917 et
419 2878 514 2917 omum
532 2855 754 2936 fundamentum
776 2868 817 2919 est
845 2858 1019 2919 unanimae
1044 2864 1075 2921 in
1097 2862 1151 2921 lroe

126 2992 227 3046 gernere
248 2976 328 3031 anri.
369 2971 473 3051 Atque
496 2974 529 3031 iu
552 2973 694 3055 sequenti
716 2973 817 3054 capite
839 2971 1061 3037 demonstrabo
1082 2996 1150 3037 esse

127 3085 211 3148 idem
235 3088 364 3149 omuino
391 3088 576 3150 elocutionis
600 3089 798 3153 Tibulliauae
821 3088 955 3150 maxime
983 3092 1150 3172 proprium

127 3199 383 3278 fundamentum,
409 3215 438 3261 et
455 3199 558 3261 redire
577 3201 718 3264 similiter
734 3200 769 3262 in
786 3201 981 3281 singulorum
999 3200 1150 3265 disticho·

126 3337 196 3377 rum
220 3308 340 3378 formis.
381 3314 456 3376 Fuit
479 3318 511 3376 iu
534 3317 596 3378 hoc
616 3328 709 3395 poeta
731 3316 861 3396 insignis
884 3313 1041 3395 diligentia
1065 3315 1149 3396 eogi-

127 3426 214 3488 tamli
235 3426 274 3486 ad
296 3425 440 3487 distincta
461 3429 601 3487 membra
623 3427 728 3490 omnia
749 3450 918 3506 revocans,
944 3427 1030 3491 uude
1053 3428 1149 3492 etiam

125 3540 343 3604 concinnitatis
365 3553 468 3602 ortum
491 3540 628 3604 studium
649 3556 712 3605 tam
734 3545 948 3626 conspicuum.

189 3655 246 3715 His
268 3653 418 3734 expositis
439 3654 519 3717 nihil
540 3655 590 3719 hic
612 3676 774 3737 superesse
797 3655 909 3737 video,
933 3678 1029 3742 quam
1051 3669 1088 3720 ut
1107 3655 1147 3720 de

124 3770 243 3831 servitii
261 3767 421 3850 Apollinei
441 3767 650 3851 descriptione
671 3771 711 3845 ll,
729 3776 757 3846 3,
775 3775 902 3835 11-28.
923 3771 1041 3848 dicam3
1070 3792 1148 3833 nam

124 3906 196 3946 cum
230 3887 309 3946 aliae
343 3905 453 3947 omues
489 3882 713 3967 descriptiones
748 3888 827 3947 bene
863 3888 1041 3949 elaboratae
1074 3887 1147 3964 alut,

123 3999 200 4060 haec
217 3999 358 4059 ultimam
377 4019 504 4061 uranum
523 4000 600 4060 mihi
616 4019 680 4061 non
697 3996 823 4062 videtur
837 4011 979 4079 experta.
1020 3998 1146 4081 Nempe

123 4113 224 4177 voluit
243 4128 336 4193 poeta
355 4113 535 4192 ostendere,
560 4127 596 4176 ut
614 4112 692 4176 deus
709 4111 749 4175 ad
768 4111 876 4176 infima
894 4115 1019 4194 negotia
1038 4129 1146 4198 pasto·

120 4226 193 4287 ritia
214 4223 408 4288 descenderit
428 4225 528 4290 missis
545 4224 657 4289 divinis
675 4225 867 4303 muneribus,
887 4238 922 4288 ut
941 4248 1008 4291 non
1024 4228 1145 4291 veritus

122 4342 160 4403 sit
182 4339 390 4404 horridiorem
417 4342 559 4405 habitum
584 4340 724 4424 corporis
748 4352 957 4441 ornatumque
981 4360 1144 4406 comarum
