2468 4838
144 626 190 668 xx
562 609 620 672 DE
644 606 746 674 VITA

144 781 335 844 bulliantur
362 783 462 844 maior
488 791 555 844 erat
580 801 676 866 quem
702 794 736 844 ut
762 781 956 866 desperaret,
989 805 1046 848 nec
1072 787 1167 850 Delio

144 898 237 979 plane
262 895 395 959 desierat
418 897 524 960 lavere
552 911 675 979 poetae.
723 896 803 961 Cum
827 900 922 980 igitur
947 903 1005 964 sub
1030 901 1167 965 hiemem

144 1011 263 1076 rediret
282 1013 416 1075 Romam
437 1014 581 1077 Tibullus
601 1012 696 1094 ¹rure,
726 1014 873 1079 credibile
901 1029 946 1079 est
970 1016 1164 1081 continuatus

143 1149 269 1211 preces3
290 1149 361 1190 nam
378 1126 449 1190 tulit
467 1127 582 1190 itemtm
603 1130 756 1209 promissa
777 1130 905 1195 lavaris.
946 1132 991 1193 Ac
1011 1150 1081 1195 cum
1101 1133 1167 1211 pri·

144 1263 231 1304 nrum
253 1260 336 1304 nava
358 1242 466 1303 limina
488 1253 660 1306 tentaturus
681 1255 775 1321 esset,
806 1244 899 1309 Delia
922 1264 998 1308 vero
1022 1242 1166 1308 trundum

145 1376 220 1419 ausa
242 1355 349 1417 fallere
371 1353 513 1417 custodes
534 1356 651 1418 trustra
671 1369 912 1439 exspectaretur,
933 1361 1047 1442 scripta
1068 1361 1165 1439 elegia

144 1471 169 1549 I,
191 1476 231 1548 2,
254 1467 342 1552 quod
362 1469 478 1532 iactum
498 1468 640 1551 suspicor
660 1470 763 1533 hieme
784 1477 941 1536 725-726.
982 1473 1021 1534 cl.
1044 1472 1165 1536 Introd.

144 1586 184 1650 ad
204 1588 290 1651 illam
311 1585 450 1668 elegiam.
492 1586 670 1651 Gerebatur
694 1590 744 1652 his
767 1591 961 1671 temporibus
988 1590 1106 1654 bellum
1129 1590 1164 1652 in

143 1699 252 1764 Cilicia
272 1701 312 1762 cl.
334 1721 364 1763 v.
386 1706 437 1762 69.
465 1703 523 1762 sub
551 1703 694 1785 auspiciis
720 1704 890 1784 Messalae,
922 1707 978 1788 qui
1003 1701 1166 1771 Orientem

144 1816 360 1896 componebat.
413 1815 557 1878 Tibullus
586 1836 662 1879 vero
692 1817 752 1879 ista
782 1830 872 1880 nocte
903 1819 1070 1880 frustratus
1100 1841 1166 1900 spe,

143 1950 219 1993 mox
240 1931 308 1994 aliis
327 1929 473 1993 noctibus
489 1927 640 1993 admissus
659 1943 705 1993 est
725 1943 756 1992 et
773 1930 891 1993 labitur
911 1952 984 2013 pars
1003 1931 1079 1993 anni
1092 1938 1166 1996 726.

96 2060 102 2069 ·
142 2044 220 2106 felix
241 2044 366 2122 amanti,
386 2042 486 2105 donec
506 2044 621 2125 puella,
643 2063 705 2127 qua
730 2056 797 2107 erat
816 2045 952 2122 levitate,
973 2066 1056 2108 noro
1077 2065 1166 2107 ama·

58 2140 62 2147 ¹
86 2155 90 2161 ’
142 2160 204 2224 tori
226 2161 348 2242 copiam
368 2158 418 2223 sui
438 2157 536 2223 daret.
578 2162 661 2223 Tum
681 2162 796 2242 scripta
817 2161 914 2241 elegia
934 2162 958 2238 I,
981 2167 1011 2222 6.
1037 2181 1087 2223 ure
1113 2159 1167 2222 iu-

143 2272 224 2353 dice,
258 2275 367 2339 ultima
394 2275 428 2337 in
453 2277 514 2340 boe
540 2296 661 2356 amore,
690 2288 784 2358 poeta
805 2287 989 2358 congerente
1008 2274 1168 2359 quidquid

143 2411 269 2454 severae
286 2391 475 2455 hortationis
496 2405 614 2455 restare
636 2392 795 2456 videretur
815 2391 856 2454 ad
877 2405 1016 2455 extrema
1036 2390 1167 2453 redacto

142 2506 267 2566 nutanti.
310 2503 373 2567 Sed
398 2485 472 2567 nou'
488 2509 620 2568 multum
645 2506 782 2568 effecisse
807 2503 940 2570 videtur·
984 2501 1076 2565 Certe
1096 2506 1169 2566 De-

141 2621 185 2681 lia
208 2633 279 2702 post
305 2620 382 2683 baec
410 2621 518 2683 relicta
548 2633 602 2684 est.
645 2624 748 2706 Atque
776 2625 854 2685 haec
880 2641 950 2683 mea
976 2631 1022 2681 est
1047 2617 1086 2681 tle
1109 2640 1168 2681 or-

143 2733 215 2795 diue
236 2734 350 2796 harum
371 2735 539 2814 elegiarum
565 2737 735 2812 sententia,
765 2757 859 2819 quam
878 2735 1022 2816 pluribus
1043 2735 1168 2797 firurnvi

143 2850 176 2909 in
198 2844 485 2909 Introductionibus
507 2846 547 2907 ad
568 2847 688 2925 singula
709 2849 857 2909 camnine.
900 2844 1059 2921 Quaedam
1081 2860 1168 2909 recte

143 2959 221 3024 vidit
245 2958 429 3035 Passovius,
461 2958 514 3021 sed
539 2960 650 3039 elegias
675 2962 700 3037 1,
722 2966 751 3021 2.
777 2966 807 3022 5.
832 2967 861 3023 6.
889 2962 970 3023 male
997 2959 1167 3024 ordinavit.

142 3074 236 3138 Nunc
257 3094 354 3156 pergo
377 3071 417 3135 ad
437 3075 609 3156 sequentia.
650 3076 733 3136 Anti.
756 3081 828 3137 727.
855 3074 991 3136 Messala
1011 3072 1102 3136 rediit
1126 3096 1167 3136 ex

145 3190 273 3258 Oriente
292 3203 323 3252 et
341 3189 372 3252 d.
386 3192 508 3253 XXIV.
523 3189 609 3273 Sept.
625 3190 664 3253 de
680 3192 845 3275 Aquitanis
859 3192 1076 3272 triumphavit;
1098 3211 1168 3254 non

145 3310 199 3374 diu
221 3321 294 3392 post
313 3307 379 3371 dies
399 3308 511 3370 natalis
531 3309 598 3370 eius
618 3306 763 3369 incidisse
783 3306 920 3384 videtur,
938 3328 1033 3391 quem
1053 3308 1167 3368 Tibul-

145 3430 194 3489 lus
213 3425 308 3506 elegia
323 3423 453 3503 septima
469 3422 646 3484 celebrarit.
690 3421 781 3484 Circa
796 3426 873 3486 haec
890 3436 1030 3503 tempora
1049 3423 1167 3503 scripta

145 3539 238 3605 etiam
260 3539 405 3604 videntur
425 3538 562 3601 carmina
583 3539 617 3599 iu
638 3539 828 3600 Marathum.
870 3538 1036 3601 Passovius
1058 3558 1095 3599 ea
1114 3557 1166 3599 ce·

144 3659 219 3720 teris
251 3656 358 3738 priora
387 3655 502 3731 statuit,
535 3651 622 3736 quod
655 3673 718 3715 non
752 3652 845 3716 credo
876 3675 998 3716 rerum.
1052 3651 1167 3736 Neque

146 3772 229 3835 enim
266 3791 347 3851 puer
374 3771 525 3831 atnaverit
554 3789 688 3850 puerum
720 3782 773 3831 aut
803 3769 954 3850 smgendis
987 3769 1170 3833 huiusmodi

148 3883 307 3950 amoribus
329 3896 418 3965 aptus
443 3884 552 3958 luerit,
583 3883 638 3946 sed
662 3884 768 3966 potius
794 3898 865 3966 post
890 3885 1001 3946 Deliae
1024 3905 1170 3948 amorem

150 4016 221 4059 enm
248 4011 372 4060 vacaret
399 3997 582 4062 melioribus
607 3999 750 4061 sensibus
778 4018 836 4060 nec
863 4001 1000 4080 puellam
1027 4001 1169 4077 haberet,

151 4108 191 4173 ad
210 4112 270 4173 hos
288 4113 419 4175 triveles
440 4113 528 4176 lusus
549 4109 671 4175 delatus
692 4124 752 4191 est,
771 4125 803 4175 et
818 4124 983 4196 praecepta
997 4113 1071 4175 artis
1087 4110 1170 4175 didi-

151 4226 206 4303 cit,
235 4247 253 4287 a
284 4245 347 4307 qua
372 4227 447 4289 olim
475 4225 596 4288 ebenus
627 4240 702 4289 erat.
746 4225 902 4291 Convenit
929 4228 1013 4289 nitor
1037 4226 1170 4307 insignis

149 4342 264 4404 horum
287 4341 469 4403 camrinum.
519 4341 602 4401 Anu.
630 4346 701 4400 728.
730 4337 782 4402 edi
806 4339 910 4421 potuit
934 4340 1014 4403 liber
1038 4343 1171 4421 primus.

151 4456 252 4537 Atque
273 4456 349 4518 haec
375 4452 499 4542 quidem
522 4453 560 4516 de
582 4455 640 4516 his.
