2468 4838
501 601 686 676 TlBULLI.
1014 634 1112 677 cxxix

77 766 191 835 caedes
212 780 248 833 et
267 783 392 854 raptos,
420 789 507 837 mors
528 783 560 834 st
580 784 739 855 senectus,
761 777 885 862 aliaque
905 784 1004 845 multo
1024 783 1111 846 simi·

77 886 121 947 lia
137 885 322 949 coniuncta.
362 884 458 947 Dicas
473 904 539 948 non
555 889 647 949 talem
663 889 818 954 rationem
833 890 956 959 distichi
972 898 998 976 l,
1011 907 1041 969 8,
1054 906 1109 962 19:

165 996 291 1061 cantus
313 995 424 1059 vicinis
446 998 552 1078 fruges
572 999 708 1064 traducit
731 1005 771 1065 ab
793 1010 891 1087 agris,

210 1108 331 1173 Cautus
353 1123 385 1173 st
403 1111 503 1174 iratae
524 1110 645 1176 detinet
667 1116 778 1196 anguis
797 1119 869 1182 iter.

78 1220 204 1283 Versmr
231 1221 395 1286 notissima
419 1237 508 1286 cram
536 1226 615 1290 llaec
637 1229 789 1291 miracula
815 1232 932 1313 magias
960 1246 990 1296 et
1016 1248 1110 1317 poeta

79 1337 206 1399 moveri
225 1334 301 1399 dicit
321 1349 415 1399 csntu
436 1327 517 1420 quie
538 1341 711 1403 immobilia
728 1343 804 1420 sint,
825 1345 964 1408 inhiberi
982 1360 1014 1410 et
1031 1349 1109 1411 deti·

82 1449 155 1510 neri
180 1470 264 1532 quas
286 1451 423 1513 maxims
451 1453 593 1515 mobilis.
645 1455 806 1539 Exemplis
830 1460 987 1523 rarissimo
1011 1463 1110 1525 utitur

80 1564 245 1640 Tibullus,
275 1575 313 1625 ut
338 1562 423 1627 inira
449 1564 645 1645 videbimus3
678 1568 735 1632 ubi
761 1589 839 1634 uero
867 1574 983 1654 utitur,
1015 1578 1108 1638 etiam

80 1676 161 1738 lsaec
184 1678 339 1740 concinno
361 1680 537 1760 componit,
565 1693 601 1743 ut
621 1676 773 1760 1,t,17=

166 1786 279 1869 Longa
300 1786 367 1853 dios
388 1790 512 1853 homiui
533 1789 640 1856 docuit
660 1816 772 1875 parcre
793 1798 919 1869 leones,

209 1900 323 1984 Longa
344 1902 412 1966 dies
433 1904 522 1967 molli
545 1925 622 1968 saxa
644 1906 769 1989 peredit
790 1929 889 1991 aqua:

165 2014 280 2080 annus
300 2018 337 2079 in
358 2019 472 2100 apricis
493 2031 630 2082 maturat
651 2020 784 2084 collibus
805 2042 898 2098 uvas,

210 2131 325 2195 Annus
346 2133 410 2213 agit
429 2144 513 2196 certa
534 2132 638 2195 lucida
661 2136 748 2214 signa
769 2135 848 2198 tice.

83 2241 171 2306 Dicit
192 2256 290 2326 posta
319 2246 472 2326 paulatim
500 2245 559 2307 sub
587 2247 660 2324 iuga
684 2248 764 2309 colla
789 2246 934 2309 daturum
965 2267 1110 2327 puerum.

82 2356 131 2419 Ac
145 2356 287 2439 primum
306 2358 434 2442 quidem
456 2371 528 2440 apte
547 2358 682 2421 domitos
699 2360 806 2422 leones
827 2372 857 2421 st
873 2382 913 2422 ex
933 2362 1111 2426 inanimatis

23 2496 31 2505 ·
84 2470 180 2532 rebus
202 2490 281 2532 saxa
301 2471 424 2534 mollita
444 2493 528 2555 aqua
548 2475 724 2553 componit3
749 2494 885 2556 cumque
906 2475 963 2535 ubi
983 2473 1021 2535 de
1044 2476 1112 2536 fru-

84 2602 158 2661 gum
176 2584 395 2661 incrementis,
414 2582 509 2662 ssors,
532 2585 708 2647 maturitate
730 2607 848 2662 sermo,
868 2588 952 2648 ultro
972 2588 1003 2647 iu
1023 2608 1111 2647 men·

84 2703 147 2757 tem
175 2697 307 2759 veniant
333 2696 473 2759 sidorum
504 2697 538 2757 in
566 2698 653 2759 caelo
681 2710 769 2759 ortus
795 2712 826 2759 st
849 2718 992 2778 occasus,
1024 2698 1112 2761 vides

85 2812 180 2873 etiam
205 2814 337 2875 alterius
362 2810 485 2874 distichi
512 2813 655 2875 membra
684 2814 743 2875 sibi
769 2815 886 2894 optime
910 2814 1112 2896 respondere.

84 2926 160 2990 Non
181 2929 295 2990 habuit
315 2928 376 2990 hoc
398 2927 606 2989 necessarium
623 2929 820 3008 Propertius,
845 2942 879 2989 ut
899 2931 984 2993 inira
1006 2945 1111 2994 osten-

85 3038 178 3121 dam3
226 3062 312 3103 nunc
345 3062 521 3125 persequor
555 3042 754 3122 propositum
785 3042 889 3104 finem.
959 3047 1112 3107 Dicebam

85 3154 255 3219 divisiones
287 3156 512 3217 sententiarum
540 3155 574 3215 in
603 3166 709 3234 partes
741 3154 860 3237 ubique
891 3157 1000 3219 obvias
1029 3160 1112 3240 apud

86 3268 269 3345 Tibullum,
299 3287 379 3353 quas
406 3269 575 3331 monebam
600 3287 765 3349 nunquam
793 3268 972 3329 artificiosas
995 3291 1060 3332 esse
1083 3286 1115 3333 et

85 3380 264 3463 languidas,
287 3380 342 3444 ssd
361 3382 469 3445 faciles
491 3391 522 3442 et
542 3382 708 3462 perspicua
727 3380 935 3442 concinnitate
954 3404 1114 3449 nervosas.

10 3568 13 3585 Ι
86 3493 276 3559 Videbimus
307 3516 392 3559 nuuc
420 3506 457 3557 ut
486 3494 578 3556 etiam
608 3495 777 3555 verborum
808 3494 1000 3573 singulorum
1026 3498 1114 3561 varia

10 3642 14 3689 g
87 3608 290 3697 oppositione
319 3609 440 3688 egregie
466 3608 651 3669 corroboret
677 3626 728 3670 eas
752 3620 861 3688 poeta,
891 3619 920 3669 et
942 3611 1006 3670 vim
1028 3609 1114 3671 disti-

10 3700 15 3717 '
87 3722 220 3785 claorum
242 3734 363 3801 attgeat.
405 3720 456 3782 sic
478 3722 512 3782 iu
533 3721 605 3782 loco
626 3740 721 3801 supra
742 3722 835 3782 allato
861 3720 999 3795 1‚t‚7:

172 3835 247 3918 lpse
270 3854 370 3896 sersm
392 3846 516 3897 teneras
537 3845 661 3895 maturo
685 3847 826 3915 tempore
848 3831 928 3895 vites

213 3946 362 4010 Rusticus
384 3960 413 4008 et
436 3946 518 4010 lucili
538 3934 669 4026 grandia
691 3966 785 4026 poma
807 3964 917 4020 runnu,

10 4096 16 4143 p
91 4060 227 4143 spitlrats
249 4072 364 4123 tenuas
384 4073 416 4123 st
435 4061 563 4139 prasidio
586 4058 730 4141 opposita
755 4069 828 4120 suut
850 4053 1114 4141 quemadmodum

10 4146 26 4209 d
92 4174 167 4237 vites
196 4183 229 4237 et
257 4192 363 4255 poma.
414 4170 527 4251 Qualis
551 4172 667 4253 passim
690 4171 896 4251 neglexerunt
918 4171 1113 4250 interpretes,

10 4212 38 4621 ἱ
94 4306 160 4351 tum
181 4306 250 4351 noo
274 4283 416 4351 uiderent
437 4308 531 4370 quam
550 4287 678 4351 mults
668 4309 701 4349 ιιι
722 4289 772 4350 his
793 4284 931 4349 distichis
954 4305 995 4346 ex
1014 4304 1114 4367 oppo-
