2468 4838
152 656 210 696 cru
560 633 618 697 DE
642 631 764 701 POESI

232 801 289 863 Illo
310 797 381 863 viro
404 819 510 863 coram
534 810 632 863 nutus
652 799 797 862 conferre
818 799 983 882 loquaces,

249 980 252 985 ,
279 911 463 996 Blandaque
486 911 668 995 compositis
690 911 805 976 abdere
826 915 924 977 verba
949 909 1046 975 nolio
1109 960 1112 965 -

234 1080 304 1142 Sola
325 1091 433 1143 tenere
454 1084 551 1144 malas
572 1079 703 1145 Medeae
729 1078 843 1145 dicitur
864 1080 998 1157 herbas,

262 1194 346 1254 'Sola
369 1194 450 1257 ieras
470 1189 604 1259 Hecates
628 1192 844 1277 perdomuisse
866 1211 969 1254 canes.

240 1364 284 1427 Tu
303 1366 381 1427 mihi
402 1387 555 1445 curarum¹
572 1367 716 1448 requies,
742 1376 776 1427 tu
798 1374 890 1425 nocte
912 1361 965 1425 vel
985 1370 1057 1422 atta

279 1476 421 1555 Lumen,
451 1492 482 1542 et
501 1479 536 1541 in
558 1480 632 1543 solis
651 1491 685 1541 m
704 1477 782 1551 mihi
807 1476 902 1538 turbu
920 1471 1023 1545 locis.¹

150 1608 249 1673 Notat
277 1610 539 1674 Wunderliclrius
571 1610 613 1675 ad
643 1613 674 1688 1,
703 1617 741 1690 2,
770 1612 823 1673 ts.
855 1621 887 1670 et
920 1609 997 1671 alias
1032 1607 1177 1668 ultimum

151 1724 330 1787 membrum
349 1725 464 1806 passim
486 1746 545 1807 per
566 1726 738 1806 simplicem
762 1725 909 1805 copulam
934 1721 1073 1784 macti.
1116 1718 1178 1782 Sed

151 1854 219 1897 non
247 1849 390 1899 accurate
418 1835 515 1915 dixit,
551 1858 624 1900 cum
650 1839 757 1902 variae
785 1837 909 1918 possint
935 1855 1005 1898 esse
1034 1835 1178 1897 locorum

150 1947 301 2011 rationes.
340 1950 472 2012 Pninum
488 1950 572 2013 haec
584 1962 687 2032 potest
708 1969 775 2011 esse
794 1970 904 2026 causa,
925 1961 962 2011 ut
981 1944 1179 2010 commodius

153 2075 184 2124 et
203 2059 373 2124 rotundius
399 2061 563 2126 claudatur
584 2060 757 2140 distichon,
784 2085 818 2128 v.
835 2084 862 2125 c.
884 2062 916 2139 l,
938 2068 974 2137 8,
997 2061 1058 2123 1-4ι

239 2197 372 2264 Frustra
392 2198 457 2260 iam
477 2211 594 2276 vestes,
621 2199 739 2260 frustra
760 2207 924 2257 mutamur
946 2196 1096 2269 amictus,

280 2314 429 2395 Ansaque
451 2327 646 2393 compressos
672 2310 788 2388 colligit
809 2321 877 2370 arta
900 2305 1008 2389 pedes.

153 2440 214 2502 Hic
242 2461 302 2522 per
326 2443 459 2522 logicam
487 2443 651 2522 anaphora
679 2440 781 2529 appeti
808 2450 947 2521 poterat3
985 2454 1061 2497 nam
1089 2433 1180 2493 etiam

154 2552 215 2631 ibi,
244 2554 299 2614 ubi
321 2550 507 2617 antecedens
529 2572 640 2618 uersus
662 2551 814 2615 diuiditur
834 2549 999 2625 membris,
1024 2566 1107 2630 quae
1125 2543 1182 2606 tali

154 2635 345 2745 compositae
373 2664 546 2728 sententias
576 2667 741 2728 subiicitur
768 2665 829 2725 alia
858 2662 891 2724 ui
920 2680 1053 2742 compar
1080 2668 1182 2741 potest

156 2778 350 2857 anaphoram
372 2772 507 2852 habere,
537 2790 572 2838 ut
591 2777 714 2840 videbis
736 2772 784 2855 11,
808 2780 841 2853 t,
863 2775 904 2836 43
928 2793 1016 2857 sqq:

238 2939 539 2953 —————
566 2918 633 2967 tunc
656 2906 774 2969 consita
794 2926 924 2987 pomus,

283 3017 359 3078 runc
380 3017 461 3079 uisu
482 3018 615 3098 irriguas
636 3019 747 3080 reram
772 3020 883 3082 maus
904 3002 1022 3103 aquas,

238 3128 344 3191 Aurea
366 3141 431 3191 tunc
453 3151 578 3212 pressos
599 3129 733 3214 pedibus
756 3129 841 3193 dedit
864 3153 927 3195 uva
947 3129 1093 3215 liquores

280 3228 445 3329 Mixtaque
471 3222 581 3307 securo
603 3258 648 3307 est
669 3245 776 3308 sobria
794 3246 923 3328 lympha
945 3264 1053 3322 mero,

154 3370 211 3432 ubi
231 3371 266 3433 in
288 3348 400 3456 priore·
415 3348 546 3465 disticho
568 3374 607 3437 de
629 3378 699 3438 cibo
720 3378 881 3460 loquitur,
904 3396 1038 3457 pomum
1061 3372 1132 3463 dico
1154 3383 1187 3435 et

154 3483 242 3543 olera
270 3484 371 3561 horti,
398 3485 433 3559 in
453 3488 555 3578 altero
576 3485 615 3548 de
636 3480 726 3575 potu,
774 3488 837 3553 Sed
860 3489 908 3552 ibi
926 3489 1088 3571 repetitur
1109 3510 1186 3549 ana·

151 3595 257 3675 phora
286 3618 358 3658 cum
385 3617 506 3662 novum
528 3597 682 3662 distichon
708 3578 773 3670 non
795 3616 902 3687 poscet
923 3622 1033 3665 carere
1056 3603 1124 3666 eius
1145 3600 1188 3676 vi,

153 3719 184 3766 at
208 3708 239 3785 l,
261 3714 296 3785 8,
318 3713 367 3771 14.
393 3712 495 3789 abest,
525 3735 597 3775 cum
618 3713 783 3778 claudatur
804 3714 972 3779 distichon.
989 3748 1045 3793 -,
1076 3717 1189 3793 Deinde

151 3816 220 3877 fieri
250 3831 372 3899 potest,
404 3836 440 3884 ut
467 3845 578 3888 sensus
601 3839 632 3889 et
655 3829 821 3891 consilium
848 3829 910 3891 loci
937 3827 1088 3897 excludat
1112 3850 1188 3891 ana·

152 3931 308 4011 phorum,
346 3938 403 3999 ubi
433 3961 513 4023 quae
529 3942 652 4029 'insunt
679 3946 821 4005 membra
850 3940 890 4003 ad
918 3942 1073 4007 maiorem
1103 3964 1188 4005 nttnc

150 4043 306 4105 unitatem
328 4052 474 4114 revocari
495 4052 619 4117 debent.
661 4053 712 4118 Sic
735 4053 891 4117 disticlton
912 4054 943 4132 1,
959 4060 997 4134 2,
1021 4056 1076 4119 47.
1093 4057 1155 4119 ts:

232 4167 324 4232 Haec
347 4192 444 4241 cantu
468 4175 623 4265 finditque
644 4186 748 4257 solunt
768 4183 947 4267 Manetque
971 4184 1127 4267 “Pulcrifl

278 4278 434 4361 Elicitat
451 4293 558 4374 tepido
580 4294 710 4359 devocat
732 4317 804 4359 ossa
824 4315 921 4376 rogo:
