2468 4838
129 615 199 658 extr
543 592 600 655 DE
623 558 741 660 POESI

132 765 273 849 promitti
299 767 359 828 hoc
385 764 490 847 potius
516 761 696 843 coniugium
717 765 757 823 ab
781 765 936 846 Apolline.
978 767 1066 831 llaec
1091 770 1155 833 ille.

43 936 60 969 e
132 884 229 945 Poeta
251 880 383 944 veroin
406 882 492 943 exitu
514 881 648 943 affirmat
668 879 775 941 multis
797 880 917 956 verbis,
943 900 977 945 se
1000 901 1065 943 non
1089 893 1153 945 tam

132 998 242 1060 durnm
269 998 385 1061 habero
412 1016 502 1077 posse
522 995 677 1059 Neaeram
699 1007 734 1057 ut
754 1006 863 1075 neget,
893 1007 924 1059 et
948 1008 1098 1077 precatur
1118 1009 1154 1061 ut

132 1112 208 1177 deus
239 1113 276 1175 itt
303 1111 415 1175 molius
446 1123 547 1175 vertat
576 1111 708 1174 comnia.
758 1108 930 1175 Videamus
958 1133 1045 1176 nunc
1075 1111 1153 1197 quid

132 1227 264 1292 iudicari
290 1225 403 1290 debeat
425 1225 464 1289 do
488 1226 548 1289 hnc
569 1225 805 1309 compositione.
853 1227 910 1289 Est
931 1227 1025 1291 unice
1045 1227 1153 1309 elegio,

133 1366 214 1429 quae
235 1358 299 1407 tres
321 1343 510 1426 principales
532 1356 638 1425 partee
666 1341 710 1405 sic
732 1342 798 1405 iere
820 1339 981 1406 distinctos
1001 1344 1098 1409 hebet
1118 1358 1153 1408 ut

132 1471 215 1523 umet
244 1459 409 1536 Tibullus,
439 1469 471 1518 et
501 1469 604 1518 temen
636 1456 775 1536 singulae
808 1477 904 1539 ιῐιιαιιι
931 1458 1153 1541 imperfectae!

131 1576 177 1637 Ac
192 1576 329 1656 primum
346 1569 474 1655 quidem
491 1570 670 1649 exordium,
691 1568 731 1633 ad
746 1570 897 1635 maiorem
914 1570 1155 1655 amplitudinem

132 1687 359 1769 compositum,
399 1684 492 1747 etiam
520 1695 656 1747 mutatae
685 1683 856 1747 sententiae
886 1683 1018 1766 figuram
1048 1688 1154 1762 ltabet,

132 1802 188 1873 sed
217 1804 276 1863 hac
304 1801 373 1881 ipse
401 1802 482 1862 mole
509 1801 620 1863 utitur.
669 1798 766 1862 Recte
793 1797 918 1864 orditur
945 1820 965 1863 e
989 1812 1084 1880 volo,
1117 1812 1152 1863 ut

133 1915 265 1978 meliore
295 1915 396 1977 lerant
424 1911 484 1990 dii,
559 1936 575 1975 c
603 1912 683 1976 illud
709 1916 843 1993 malum,
879 1912 965 1999 quod
994 1929 1153 1979 mmosnte

133 2032 245 2095 allecto
268 2027 348 2092 odeo
368 2028 476 2091 inania
500 1934 574 2092 ἆᾷοἰι
595 2029 700 2091 omnin
722 2029 846 2092 somnio
869 2039 901 2092 et
921 2027 1016 2093 fidem
1035 2030 1076 2093 iis
1097 2027 1153 2093 de·

133 2158 238 2225 negat,
263 2142 358 2206 modo
379 2140 492 2204 deinde
512 2163 546 2205 se
564 2155 740 2205 revocasset
759 2162 835 2206 vere
854 2143 895 2205 ab
915 2142 975 2207 hac
995 2144 1153 2205 sententia

133 2276 205 2320 cum
229 2254 348 2319 rediret
375 2254 414 2318 ad
441 2255 576 2318 initium.
626 2254 721 2318 Nunc
743 2255 897 2319 relabitur
917 2254 1045 2341 quidem
1067 2270 1153 2322 reete

133 2370 172 2434 ad
199 2384 274 2434 vota
299 2383 336 2433 ut
360 2372 466 2434 irritos
492 2370 585 2433 iaciat
604 2370 724 2433 Lucina
750 2372 978 2449 lustinum,
1007 2369 1152 2435 sednon

9 2474 16 2487 ⁹
132 2498 233 2548 mutet
259 2486 303 2549 sic
332 2496 367 2547 ιιι
393 2482 486 2547 debet
508 2484 597 2545 istem
625 2483 827 2562 sententium,
859 2503 955 2567 want
973 2485 1008 2547 in
1027 2483 1153 2547 incerto

132 2599 292 2682 relinquit.
341 2595 393 2659 Sic
415 2598 532 2659 lactum
558 2608 683 2660 utnon
710 2598 833 2661 sublata
853 2597 992 2662 renitere
1010 2600 1153 2661 somnio·

131 2732 220 2791 rum,
251 2730 347 2795 quem
370 2709 498 2773 nonnisi
523 2728 582 2791 per
603 2692 796 2774 moment'um
818 2708 988 2773 defendere
1008 2708 1154 2787 debeone.

132 2825 299 2890 exordium
326 2835 480 2907 repugnet
510 2825 636 2907 reliquo
667 2821 798 2886 memini
827 2823 967 2907 ipsisque
996 2826 1153 2908 Apollinis

132 2940 250 3015 verbis,
272 2941 327 3023 qui
347 2960 422 3004 vera
441 2960 474 3002 se
490 2941 580 3023 loqui
595 2950 713 3004 monet.
754 2937 903 3001 Ceterum
919 2951 1048 3022 praeter
1064 2940 1152 3003 launo

131 3058 234 3118 locum
256 3074 331 3118 usne
353 3067 400 3117 cst
419 3052 597 3137 Lygdamus
618 3056 718 3137 ligure
737 3064 875 3118 mutatae
899 3053 1073 3117 sententies
1093 3072 1153 3135 per

130 3182 232 3233 totum
256 3182 379 3234 sextum
405 3191 546 3249 carmen,
576 3169 632 3235 sed
657 3191 716 3235 neo
740 3169 788 3234 ibi
810 3168 902 3247 scite,
929 3168 1049 3232 utiam
1069 3166 1153 3231 vidi·

130 3304 211 3346 mue.
252 3283 338 3346 Alias
360 3304 426 3347 non
447 3283 587 3362 admisit,
612 3306 647 3347 oc
667 3282 869 3367 tranquillior
888 3283 954 3345 iero
975 3282 1053 3347 hoec
1072 3302 1152 3365 poe·

129 3400 188 3469 sis,
228 3417 325 3478 quam
352 3407 388 3459 ιιι
416 3395 553 3459 vtttdtor
581 3396 680 3475 ligura
709 3396 884 3460 conveniat.
935 3394 1041 3477 Atque
1071 3396 1152 3459 haec

129 3511 291 3570 hactenus.
351 3509 480 3569 Praeter
508 3505 675 3570 exordium
702 3508 792 3591 quod
818 3508 852 3571 in
882 3507 970 3571 exitu
996 3504 1081 3571 redit
1108 3506 1152 3571 ad

128 3622 212 3687 idem
244 3634 353 3686 votum
386 3636 498 3705 poeta,
544 3637 579 3687 ιιι
609 3624 645 3687 in
676 3624 788 3686 melius
820 3636 944 3689 vertant
973 3620 1019 3687 dii
1047 3620 1152 3685 tristia

23 3726 34 3759 ¹
129 3736 265 3816 somnia,
285 3750 370 3801 recte
391 3750 423 3801 et
442 3740 524 3801 bene
542 3739 672 3818 iactum,
693 3760 797 3823 neque
815 3739 900 3803 enim
917 3737 1031 3803 melior
1044 3735 1152 3801 exitus

128 3872 169 3913 ex
196 3852 292 3915 huius
320 3853 495 3932 argumenti
520 3852 643 3916 ratione
670 3853 793 3935 imponi
817 3864 943 3936 poterat
967 3870 1064 3936 quent
1089 3869 1151 3933 per

128 3965 347 4046 repetitionem
374 3965 475 4046 initii3
505 3968 587 4031 mole
615 3988 693 4030 vero
721 3968 830 4051 inepta
858 3968 949 4050 copia
973 3968 1150 4047 imaginum

128 4077 262 4141 affirmat
289 4100 354 4142 non
380 4077 492 4141 durem
515 4101 582 4143 esse
602 4079 766 4144 Neaeram.
812 4079 986 4143 Veniamus
1009 4076 1149 4163 denique

127 4188 167 4252 ed
188 4189 326 4255 medium
347 4214 483 4258 carmen.
523 4194 664 4275 Apparet
683 4193 786 4257 stetim
807 4213 872 4256 non
893 4195 976 4256 clere
996 4190 1149 4273 cogitasse

126 4317 270 4381 poetam,
310 4307 386 4388 quid
415 4309 465 4369 hic
493 4305 560 4371 fieri
591 4306 727 4373 deberet.
784 4309 865 4375 Nem
890 4312 919 4371 si
947 4328 1148 4373 commovere
