2468 4838
139 649 175 689 ct.
546 629 605 690 DE
628 623 750 694 POESI

225 799 323 862 Flava
343 796 457 875 Ceres,
480 799 536 860 tibi
558 801 597 861 sit
622 811 732 861 nostro
754 797 792 860 de
813 820 888 860 reare
910 817 1026 861 corona

270 911 398 992 Spicea,
428 932 509 994 quae
530 913 639 993 templi
659 910 798 993 pendeat
820 923 891 972 ante
914 910 1016 973 loress

227 1025 432 1106 Pomosisque
454 1026 553 1087 ruber
572 1038 676 1089 custos
696 1037 835 1106 ponatur
857 1025 891 1085 iu
912 1022 1029 1098 hortis,

269 1138 402 1200 Terreat
421 1149 456 1198 ut
478 1155 571 1199 saeva
592 1138 671 1205 falce
692 1140 825 1220 Priapus
853 1156 936 1199 aves.

226 1251 293 1312 Vos
315 1270 458 1333 quoque,
488 1251 586 1313 ielicis
608 1249 769 1335 quondam
791 1272 876 1312 natac
897 1246 1046 1331 pauperis
1069 1245 1135 1326 agri

269 1361 441 1441 Custodes,
470 1365 560 1425 fertis
580 1385 714 1437 munera
734 1377 854 1442 vostra,
880 1362 988 1425 Lares.

142 1477 198 1536 ubi
230 1474 319 1538 vides
348 1477 433 1538 iuter
463 1476 586 1541 Cereris
618 1490 650 1539 et
678 1477 809 1541 Larium
842 1473 1055 1557 apostrophen
1088 1472 1168 1533 alius

142 1590 262 1651 formae
292 1589 444 1653 distichon
472 1593 619 1673 positum.
668 1593 715 1653 Ac
742 1593 835 1672 vulgo
865 1588 904 1651 ad
932 1604 1090 1651 summum
1119 1587 1168 1649 bis

143 1700 278 1765 admittit
298 1704 379 1765 hanc
400 1702 530 1784 figuram
549 1707 709 1783 continuo,
734 1703 829 1788 quam
845 1700 1024 1787 Lygdamus
1043 1711 1169 1783 quatter

142 1817 267 1898 repetiit
295 1816 355 1893 111,
379 1822 414 1895 6,
435 1819 502 1878 init.
531 1830 641 1879 contra
667 1818 753 1881 Albii
781 1837 910 1879 morem.
960 1810 1055 1905 Apud
1083 1814 1168 1873 hunc

144 1943 191 1990 ter
212 1950 250 1990 ea
274 1931 373 1990 utitur
394 1928 514 2011 Sibylla
537 1932 710 1994 vaticinans
735 1931 779 2008 ΙΙ,
802 1940 838 2007 5,
858 1934 896 1990 51
921 1948 989 2011 sqq.
1016 1926 1168 1989 invitante

144 2044 214 2122 ipso
231 2043 285 2104 tali
303 2041 455 2105 vividiore
471 2055 557 2104 motu
578 2043 683 2106 animi.
725 2044 762 2106 ln
780 2043 866 2106 exitu
885 2040 1030 2135 carminis
1046 2039 1169 2122 septimi

144 2156 219 2219 libri
239 2154 335 2236 primi
358 2155 412 2217 ubi
440 2158 538 2219 multa
567 2169 780 2233 coarctantur,
812 2170 917 2219 tarnon
944 2134 1077 2219 variatio
1102 2172 1170 2213 non

146 2265 243 2330 deest.
292 2266 375 2331 Nam
396 2281 564 2351 postquam
586 2266 693 2334 Osirin
713 2271 853 2347 vocavit,
878 2268 916 2332 ad
939 2268 1032 2332 Genii
1052 2268 1170 2330 allocu-

145 2381 264 2444 tionem
282 2402 347 2445 oon
365 2383 525 2458 continuo,
547 2380 601 2447 sed
620 2383 782 2445 interiecto
802 2385 880 2447 alius
899 2360 1018 2445 formae
1036 2380 1169 2442 disticho

145 2495 273 2573 transit3
296 2492 370 2556 indc
394 2493 433 2556 ad
449 2494 669 2557 Messalamse
692 2498 862 2573 convertit,
884 2494 968 2557 unde
990 2497 1024 2555 in
1046 2493 1108 2554 line
1130 2489 1171 2554 ad

148 2606 283 2672 Genium
300 2604 392 2671 rodit.
435 2606 498 2669 Sed
516 2607 595 2670 nibal
612 2608 801 2679 luculentius
818 2613 850 2672 iu
868 2582 929 2673 lroc
948 2628 1062 2689 genere
1080 2608 1171 2668 initio

148 2722 224 2801 eleg.
247 2720 339 2803 prim.
362 2720 436 2782 libri
459 2718 605 2800 secundi,
634 2720 719 2785 unde
746 2712 856 2785 discas
874 2734 909 2783 ut
935 2722 1029 2783 etiam
1055 2719 1091 2781 in
1118 2718 1172 2780 tali

148 2836 217 2896 loco
249 2845 341 2915 poeta
369 2834 538 2896 variaverit
566 2832 689 2898 dicendi
719 2836 849 2911 formas,
886 2834 942 2896 ubi
969 2833 1089 2914 ubique
1117 2853 1172 2893 ex·

149 2960 268 3027 spectes
298 2946 464 3010 secundam
494 2969 672 3028 personam.
722 2950 767 3010 Ac
794 2947 932 3030 primum
960 2952 1045 3009 r'este
1070 2944 1173 3009 Lacla-

149 3080 284 3123 mannus
306 3061 396 3123 initio
419 3061 543 3123 eiecisse
565 3061 690 3127 videtur
710 3061 920 3124 coniecturam
935 3059 1067 3121 Dautae
1090 3060 1174 3143 Quis·

150 3179 212 3256 qais
238 3175 326 3251 udas,
349 3174 470 3255 suasum
504 3174 659 3237 secundae
685 3196 839 3257 personae
867 3175 930 3238 vim
952 3174 1099 3237 Tibullus
1124 3194 1173 3235 se·

151 3286 267 3369 quenti
283 3287 413 3350 disticho
434 3290 622 3364 reservavit,
650 3290 708 3350 ubi
727 3286 770 3349 dii
793 3280 956 3351 vocantur.
998 3288 1082 3351 ilinc
1101 3286 1173 3349 vids

151 3415 186 3463 ut
208 3404 344 3481 primum
365 3401 468 3463 denuo
487 3401 578 3462 tertia
598 3421 733 3482 persona
755 3423 785 3464 v.
799 3409 827 3463 ⁵.
843 3408 874 3464 6.
892 3398 1047 3464 succedat.
1089 3400 1173 3463 Tum

151 3516 323 3596 alloquitur
345 3515 467 3594 singula
487 3532 602 3593 genera·
623 3519 789 3595 agrestium
815 3540 845 3580 v.
859 3522 905 3595 7.,
930 3538 961 3580 v.
975 3522 1044 3597 11.·‚
1075 3518 1175 3581 inter·

149 3630 239 3711 ponit
260 3648 337 3690 vero
360 3629 453 3688 stiam
480 3629 531 3690 hic
553 3632 681 3690 alteram
705 3631 837 3692 lornssm
859 3630 1043 3694 indirectam
1063 3631 1175 3693 tertius

151 3761 305 3823 personae
327 3762 357 3802 v.
371 3746 435 3817 tt„
456 3739 615 3804 redactam
638 3764 656 3803 u
676 3742 899 3820 Iraclrmauum
921 3766 995 3805 earm
1018 3756 1176 3807 correcto·

151 3878 222 3918 rum
244 3857 326 3917 mala
351 3851 498 3916 sedulitas
523 3854 690 3916 secundam
711 3857 877 3918 intulisset.
919 3857 971 3919 stc
997 3857 1107 3919 finitur
1128 3856 1176 3916 iu·

150 3972 274 4032 troitus.
318 3968 469 4052 Sequitur
490 3989 540 4030 res
561 3968 682 4045 diviua,
712 3970 767 4030 ubi
788 3982 882 4049 poeta
905 3969 1043 4051 primum
1067 3987 1175 4032 omnes

153 4095 289 4161 agrestas
320 4094 501 4162 praesentes
534 4082 723 4165 alloquitur,
766 4101 847 4165 quos
880 4094 953 4145 aute
981 4102 1041 4165 per
1071 4095 1176 4164 partes

153 4190 307 4258 allocutus
333 4206 417 4271 erat,
436 4196 512 4255 ¹t'um
538 4214 647 4274 preces
672 4194 748 4256 lacit
771 4193 809 4256 ad
834 4195 921 4258 deos.
970 4197 1075 4279 Atque
1099 4196 1175 4258 baec

154 4313 313 4371 hactonus.
356 4307 428 4368 lure
447 4306 594 4369 iudicavit
610 4307 753 4369 Tibullus
774 4327 838 4371 uon
856 4308 979 4387 augeri,
1002 4308 1057 4371 sed
1074 4308 1176 4389 frangi
