2468 4838
535 559 717 624 TlBULLl.
1078 588 1133 629 xm

104 738 305 812 mortemque
326 743 574 812 praematuram,
594 733 731 798 habendi
757 734 924 821 cupiditate
946 738 1132 818 arcessitam,

105 854 134 904 et
163 843 349 906 felicitatem
380 847 513 910 rusticae
542 848 625 912 vitae
653 849 686 910 in
717 872 793 932 pace
824 855 925 930 actae',
958 854 1131 936 nititurque
1188 880 1195 893 ·

105 966 168 1017 tota
192 957 287 1020 istius
312 960 428 1040 elegiae
456 962 504 1025 vis
529 962 587 1025 hac
610 965 817 1046 oppositione.
866 966 987 1029 Similia
1007 967 1042 1028 in
1063 968 1131 1030 aliis

105 1071 307 1151 sequentium
326 1076 495 1153 elegiarum
516 1073 632 1140 videas.
675 1076 758 1139 Nam
773 1100 867 1141 carm
881 1082 905 1159 1,
925 1086 954 1145 1.
971 1101 1042 1143 cum
1060 1084 1131 1144 uol-

106 1183 150 1244 let
169 1184 339 1248 Messalam
360 1187 395 1249 iu
416 1190 533 1251 bellum
552 1190 714 1253 Actiacum
737 1193 894 1273 comitari,
923 1195 966 1258 sic
993 1194 1130 1258 orditur:

192 1299 330 1364 Divitiae
352 1301 432 1365 alius
451 1303 539 1368 fulvo
561 1304 623 1366 sibi
646 1321 792 1386 congerat
812 1328 902 1387 auro,

237 1416 280 1478 Et
300 1429 407 1481 teneat
425 1420 502 1481 culti
522 1419 631 1500 iugera
650 1423 749 1485 multa
769 1425 838 1502 soli,

193 1527 299 1606 Quem
319 1535 411 1598 labor
432 1533 574 1598 assiduus
594 1537 698 1601 vicinio
720 1551 835 1603 terreat
855 1541 954 1618 hoste,

236 1647 353 1711 Martia
374 1653 424 1712 cui
448 1672 575 1715 somnos
597 1655 722 1717 classica
743 1658 835 1738 pulsa
858 1657 984 1736 lugent:

191 1762 249 1827 Me
270 1786 340 1827 mea
360 1782 528 1850 paupertas
549 1770 630 1836 vitae
651 1770 792 1835 traducet
812 1773 916 1850 inerti,

235 1881 325 1943 Dum
346 1903 434 1946 meus
456 1883 580 1949 assiduo
602 1887 704 1956 luceat
725 1887 795 1967 igne
817 1888 917 1949 locus.

106 1995 153 2056 Ac
181 2008 329 2059 versatur
357 1996 451 2059 etiam
477 1998 536 2061 ista
566 2000 662 2080 elegia
688 1974 788 2085 usque
819 1999 860 2063 ad
886 2001 981 2062 finem
1005 1998 1040 2061 in
1070 1997 1129 2060 hac

104 2107 308 2190 oppositione
328 2109 522 2175 illustranda.
565 2113 690 2193 Deinde
711 2135 781 2176 cum
803 2115 839 2176 in
860 2113 999 2195 Corcyra
1022 2132 1131 2192 aegro·

105 2234 201 2305 uret,
231 2226 295 2289 elio
317 2226 411 2290 modo
432 2230 583 2308 significat
601 2227 685 2292 idem
705 2232 729 2306 1,
753 2235 791 2306 3.,
813 2249 942 2290 aureum
963 2226 1130 2304 saeculum,

107 2332 166 2403 ubl
190 2360 261 2403 non
288 2342 407 2404 ballum
437 2363 495 2404 nec
524 2340 663 2413 habendi
691 2340 842 2422 cupiditas
872 2352 956 2416 erat,
990 2335 1131 2413 laudans,

105 2449 184 2515 dum
207 2454 270 2516 sibi
293 2452 429 2518 reditum
457 2454 496 2517 ad
524 2455 642 2538 patrios
667 2455 765 2518 Lares
793 2467 950 2536 precatur.
996 2454 1038 2514 Et
1061 2453 1131 2514 iure

105 2566 237 2651 quidem
256 2569 336 2632 haec
357 2562 473 2633 omnia.
515 2568 619 2646 Quam
640 2572 729 2633 iuvat
750 2569 836 2632 domi
859 2571 894 2632 in
914 2571 1078 2632 securitate
1101 2580 1132 2629 et

107 2684 175 2747 otio
193 2685 304 2749 vivere
321 2687 495 2769 composito
516 2687 634 2750 laetum
654 2708 776 2763 acervo,
796 2685 853 2746 ubi
866 2687 934 2746 Pax
951 2705 1026 2748 arva
1041 2679 1131 2744 colit!

539 2803 607 2862 Pax
630 2798 760 2863 candida
780 2801 918 2882 primum

236 2914 342 2977 Duxit
363 2926 506 2978 araturos
527 2919 586 2978 sub
611 2917 682 2997 iuga
701 2915 806 3000 panda
830 2918 937 2995 boves,

192 3028 265 3091 Pax
285 3029 364 3090 aluit
384 3031 463 3092 vitea
485 3041 517 3091 et
536 3049 646 3091 succoe
670 3029 807 3092 condidit
824 3048 918 3106 uvae,

236 3143 398 3208 Funderet
421 3158 456 3208 ut
476 3156 551 3209 nato
575 3157 652 3208 testa
674 3158 806 3227 paterna
825 3165 965 3206 merum:

192 3261 275 3324 Pace
295 3261 406 3323 bidens
426 3282 598 3345 vomerque
618 3261 737 3343 vigent,
758 3274 790 3323 at
809 3260 911 3323 tristia
932 3258 1004 3323 duri

236 3377 349 3439 Militis
368 3379 403 3440 in
426 3377 561 3439 tenebris
586 3389 718 3459 occupat
741 3398 828 3440 mma
848 3376 935 3455 situs,

192 3489 342 3554 Rusticus
364 3511 382 3553 e
403 3493 539 3575 lucoque
561 3492 655 3568 vehit,
674 3492 756 3554 male
775 3492 900 3555 sobrius
921 3492 999 3574 ipse,

236 3603 381 3668 Uxorem
401 3606 543 3687 plaustro
564 3607 808 3689 progeniemque
829 3603 969 3669 domum.

107 3720 261 3805 Denique
293 3721 369 3785 hinc
402 3733 450 3785 est
483 3718 571 3805 quod
598 3723 691 3784 Musa
720 3721 839 3785 Tibulli
874 3721 966 3782 etiam
997 3717 1030 3779 in
1064 3719 1130 3778 bel-

106 3837 171 3900 lico
193 3850 226 3901 et
248 3838 379 3920 politico
405 3851 589 3919 argumento
617 3839 656 3901 nd
679 3839 796 3901 ruralia
824 3848 855 3898 et
877 3847 1059 3917 pacatarum
1079 3853 1131 3895 re·

106 3972 183 4014 rum
204 3950 435 4035 descriptiones
450 3955 577 4028 transit,
598 3964 635 4015 ut
655 3953 731 4028 eleg.
750 3950 774 4024 1,
796 3957 826 4010 7.
850 3959 882 4010 et
902 3949 941 4025 11,
963 3951 993 4010 5.
1014 3947 1131 4009 iactum

106 4067 303 4131 suavissime.
352 4065 434 4131 Satis
461 4065 499 4130 de
526 4068 587 4131 his.
632 4065 673 4128 Et
701 4085 784 4127 nunc
813 4062 949 4126 diximus
977 4075 1130 4147 quantum

106 4201 191 4262 opus
218 4178 259 4242 de
282 4179 399 4242 rustica
419 4202 526 4244 renum
547 4194 636 4262 parte
666 4178 750 4261 apud
774 4176 945 4241 Tibullum.
995 4178 1047 4240 ue
1065 4182 1131 4238 sina·

104 4297 219 4377 putatne
233 4313 329 4357 aurea
345 4307 372 4357 d
386 4297 483 4358 litam
498 4297 685 4377 tranquillum
701 4300 772 4356 vitne
788 4299 919 4371 rusticae,
943 4314 997 4374 quo
1017 4293 1132 4354 redeunt
