2468 4838
246 562 259 593 ⁸
546 557 574 617 T
575 555 731 622 lBULLl.
1104 587 1145 628 nv

114 725 166 786 bet
184 708 399 789 ille‘manus!
442 727 482 789 Et
504 749 596 792 mox:
619 732 672 793 Ali
690 731 810 810 miseri,
833 752 913 816 quoe
934 732 986 797 bic
1007 736 1143 814 graviter

114 837 190 902 deus
209 837 325 920 urget!
368 838 519 904 Similiter
539 844 632 906 etiam
653 844 797 927 quintum
817 865 960 923 carmen,
980 847 1140 912 celebrans

113 951 391 1032 inaugurationem
411 953 590 1033 lllessalir'ri‚
611 976 677 1019 non
698 969 781 1019 caret
802 957 942 1020 tristibus
963 960 1077 1038 verbis,
1097 960 1140 1022 si·

114 1062 242 1147 quidem
264 1085 331 1128 non
352 1068 456 1129 solum
479 1065 565 1131 rixas
586 1069 791 1153 lacrimasque
812 1072 975 1152 agrestium
996 1093 1140 1138 amorum

113 1190 243 1258 mactat,
274 1178 449 1244 sedetiam
475 1177 515 1242 ad
541 1201 575 1245 sc
600 1183 706 1264 ipsum
730 1182 841 1246 transit
860 1195 892 1246 et
913 1204 1004 1247 suum
1024 1187 1138 1250 uulnus

114 1293 277 1375 querimr,
306 1313 327 1354 a
351 1290 482 1381 Nemesi
509 1293 664 1358 sauciatus
685 1293 772 1378 quod
798 1297 862 1359 ism
890 1309 993 1360 totum
1022 1319 1139 1362 annum

112 1409 222 1470 iaceat.
264 1408 368 1491 Atque
388 1409 433 1472 ita
453 1408 569 1494 ubique
591 1407 678 1474 vides
696 1413 821 1495 qualem
840 1407 907 1473 dixi
923 1411 1139 1473 tractationem

113 1527 306 1587 emtiearum
325 1545 449 1603 rerum3
479 1527 572 1588 etiam
595 1527 634 1604 ll,
654 1528 684 1604 4,
706 1527 747 1588 ts
769 1546 839 1610 sqq.
866 1524 953 1610 quod
973 1525 1007 1586 in
1028 1545 1138 1586 cumu-

63 1622 71 1639 '
110 1637 178 1699 tun
199 1634 292 1713 addo,
313 1638 369 1700 ubi
388 1639 491 1700 bonae
511 1639 635 1721 puellae
655 1637 766 1700 laudes
788 1651 993 1721 opponuntur
1014 1657 1136 1713 avarae,

111 1753 215 1814 luctus
231 1764 286 1828 est,
310 1773 405 1837 quem
419 1750 576 1832 describit,
595 1767 626 1817 et
646 1754 748 1818 bonos
765 1767 917 1818 mortuae.
960 1751 1023 1816 Sed
1043 1755 1135 1815 etiam

110 1868 207 1931 latius
226 1879 311 1950 patet
332 1869 471 1952 querela.
512 1869 658 1931 Raeticae
677 1890 728 1932 res
752 1890 864 1953 perse
886 1872 1003 1950 laetae;
1030 1881 1133 1932 tamen

111 2000 185 2042 cum
212 1980 249 2042 in
279 1980 382 2063 primo
416 1984 553 2044 camnine
582 1984 656 2046 libri
686 1984 780 2066 primi
806 1982 908 2048 lelicis
942 1983 1017 2047 olim
1050 2004 1134 2045 nunc

109 2095 261 2176 pauperis
280 2094 349 2175 agri
368 2107 400 2158 et
418 2099 540 2178 peeoris
562 2099 668 2178 exigui
687 2099 806 2161 mentio
826 2099 878 2176 lit,
897 2098 990 2161 etiam
1008 2100 1059 2162 hic
1080 2118 1134 2160 su·

108 2210 206 2291 spicia
230 2209 328 2272 infert
350 2208 470 2290 gaudiis
494 2212 616 2273 rusticis
640 2209 829 2273 desiderium
856 2213 1015 2273 bonorum
1042 2211 1135 2272 amis·
1224 2286 1230 2297 ³

110 2347 237 2402 sonim,
260 2325 295 2386 ln
319 2323 439 2388 decimo
460 2338 564 2388 autem
586 2325 710 2389 tristitia
734 2337 796 2402 est,
819 2344 888 2387 cum
911 2325 1001 2386 abeat
1021 2323 1132 2390 milita·

109 2451 177 2502 tum
200 2461 220 2500 a
240 2436 373 2520 praedio
394 2439 478 2503 avito
501 2451 531 2501 ct
552 2438 777 2502 consuetudine
797 2459 868 2500 cara
888 2438 970 2502 vitae
990 2437 1133 2500 rusticae.

109 2550 163 2615 Sic
192 2551 325 2615 omuino
351 2549 415 2613 duo
444 2562 564 2613 tantum
596 2552 734 2613 carmina
758 2563 876 2614 restant
903 2552 937 2613 in
966 2553 1015 2615 his
1043 2551 1132 2612 libris

109 2668 240 2747 quercla
262 2686 379 2743 vacua3
412 2687 449 2728 sa
477 2663 548 2728 dico
577 2687 658 2749 quae
687 2665 721 2726 in
749 2667 895 2729 natalitiis
922 2665 1074 2728 Messalae
1101 2677 1132 2727 et

108 2778 256 2843 Corinthi
279 2779 405 2860 scripta.
452 2780 538 2841 Haec
559 2781 652 2841 unica
673 2789 746 2841 sunt
772 2779 829 2842 ubi
857 2779 935 2841 niliil
962 2779 1049 2840 triste
1072 2777 1132 2840 im·

111 2895 254 2958 mixtstui.
296 2894 456 2957 Nimirum
484 2896 645 2973 Tibullus,
675 2907 711 2958 ut
731 2916 815 2957 nunc
841 2895 933 2957 ctiam
962 2891 1000 2955 de
1031 2893 1131 2956 causis

108 3009 204 3073 buius
229 3008 279 3071 rei
300 3006 449 3087 dicamus,
459 3022 543 3070 ‘cum
562 3007 607 3068 ita
627 3020 764 3070 censeret
787 3028 859 3069 cum
878 3006 1046 3088 plerisque,
1069 3008 1131 3067 ele-

108 3126 177 3202 gias
195 3124 352 3205 imprimis
371 3125 471 3186 tristia
496 3123 665 3185 convenire
690 3134 721 3184 et
742 3121 857 3184 amoris
878 3117 1003 3182 dolores
1024 3120 1130 3199 potius
1217 3198 1222 3207 Ι

108 3235 269 3301 urendos
300 3258 395 3320 quam
426 3235 556 3318 gaudla,
581 3246 690 3318 postea
720 3236 760 3296 ab
789 3230 904 3298 Ovidis
933 3230 1068 3292 maxime
1097 3231 1129 3291 in

109 3351 264 3412 Amorum
285 3349 375 3411 libris
397 3348 511 3412 diserte
532 3348 688 3430 exposita,
709 3359 814 3410 tamen
835 3345 928 3408 etism
949 3357 1059 3426 suopte
1080 3343 1129 3404 in·

106 3465 200 3546 genio
224 3464 324 3545 magis
348 3462 491 3526 adseris
514 3475 544 3524 et
565 3462 680 3538 tristia,
710 3458 866 3545 quemad
889 3460 1036 3537 hilarem,
1065 3459 1129 3518 lae-

106 3591 172 3640 tarn
197 3578 311 3661 poesin
332 3578 512 3641 inclinabat.
553 3577 684 3639 Minime
704 3574 834 3640 dicimus
854 3575 992 3638 alienum
1018 3575 1058 3634 ab
1079 3572 1130 3633 lii·

107 3693 246 3769 laritate,
274 3693 371 3758 inimo
392 3691 544 3755 dederant
566 3691 610 3754 dii
635 3705 733 3755 artem
754 3690 896 3764 fruendi,
925 3700 960 3750 ut
980 3685 1129 3749 Horatius

107 3803 198 3884 dicit,
232 3802 462 3889 (Hieronymus
495 3781 726 3868 Alexandrinus
759 3807 792 3866 in
825 3805 890 3867 vin
925 3821 1021 3883 supra
1049 3798 1129 3858 lecta

107 3921 211 4000 ignota
232 3918 362 4005 quidem
384 3921 565 3983 auctoritate
588 3940 660 3980 eum
683 3938 748 3979 non
768 3928 928 3978 austerum
955 3924 986 3975 et
1007 3911 1127 3974 tristem

106 4037 246 4115 uultum,
284 4033 341 4098 scd
369 4035 501 4097 hilarem
531 4047 563 4095 ct
588 4027 760 4093 iucundimr
786 4049 858 4108 erga
885 4046 992 4088 omnes
1021 4026 1128 4089 scribit

106 4147 285 4233 babuisse);
307 4161 339 4211 at
362 4148 416 4209 ubi
434 4145 511 4230 quid
532 4145 604 4208 laeti
625 4145 794 4223 contigerat
816 4143 849 4204 in
871 4162 985 4217 amore,
1007 4139 1127 4223 placide

108 4267 271 4330 fruebatur
293 4286 399 4329 secum
424 4265 567 4327 felicitate
590 4263 701 4340 animi,
727 4261 835 4344 requie
855 4281 1018 4337 curarum,
1040 4262 1127 4323 suavi
