2468 4838
313 1410 600 1490 FRIDERICO
649 1407 896 1486 Inconslo

582 1652 630 1693 aa

111 1825 408 1907 mmmmm
438 1821 751 1900 THEOPHILO
783 1823 1086 1900 ttmLcltsslto

225 2045 326 2101 vnns
357 2042 678 2098 contancnsstms
710 2040 985 2095 cnmsmmnmis

326 2229 606 2299 LUDOLPHUS
641 2227 883 2297 DISSENIUS

580 2428 617 2494 S.

88 2704 240 2815 Albium
261 2751 425 2814 Tibullum
448 2751 553 2832 edens,
574 2748 662 2836 quod
684 2750 785 2815 Vobis
807 2760 879 2813 ante
903 2770 1010 2815 onanss
1024 2752 1113 2815 mitto

89 2922 170 2985 opus
190 2923 297 2965 meum
313 2914 343 2965 at
357 2902 459 2965 Vobis
479 2900 631 2982 imprimis
648 2899 681 2963 id
699 2915 914 2966 consecratum
933 2906 1021 2986 vols,
1041 2905 1114 2969 Viri

91 3046 215 3126 egregii,
232 3066 298 3109 non
319 3047 520 3126 mirabimini,
540 3048 596 3131 qui
617 3059 647 3110 at
668 3047 844 3127 cognitione
862 3049 1013 3130 singulari
1035 3073 1113 3135 poe·

90 3208 160 3252 sess
184 3190 331 3272 antiquas
351 3190 493 3270 polletis,
526 3202 555 3251 et
577 3188 655 3250 mihi
673 3191 814 3254 faventes
837 3191 972 3253 maxims
994 3190 1113 3255 dudum

90 3328 161 3393 iure
183 3322 369 3418 ἆντίδωρον
387 3344 566 3415 exspectare
590 3334 740 3416 poteratis
757 3356 816 3418 pro
830 3336 952 3398 Vestris
972 3337 1112 3399 muneri·

89 3471 149 3534 bus
184 3472 352 3553 praeclaris
386 3472 635 3537 retribuendum.
693 3478 739 3537 nc
771 3478 972 3541 vehementer
1002 3481 1111 3558 laetor,

89 3611 178 3695 quod
200 3634 286 3677 nunc
315 3612 442 3677 tandem
470 3614 575 3677 officio
600 3614 778 3679 satisfacere
799 3640 927 3701 possum
951 3620 1112 3683 iucundis-

87 3754 179 3819 simo.
229 3756 313 3820 Nam
338 3757 372 3819 in
399 3770 445 3821 tot
475 3758 564 3820 malis
595 3758 782 3823 valetudinis
811 3762 955 3845 iniquas,
996 3763 1111 3845 qinbus

88 3902 266 3982 conflictor,
296 3904 445 3967 amicitias
468 3917 498 3967 et
519 3905 745 3968 familiaritates
770 3905 913 3969 virorum
933 3906 1110 3987 praeclaro-

15 4059 18 4066 ·
87 4062 168 4124 rum,
190 4047 307 4130 quibus
330 4058 412 4123 utor,
434 4066 558 4129 semper
573 4068 632 4130 pro
654 4068 767 4127 magns
792 4060 823 4108 et
846 4047 959 4128 insigni
980 4071 1110 4111 munere

87 4188 185 4252 habui
205 4192 344 4273 propitio
366 4193 494 4255 numina
517 4196 595 4257 mihi
614 4196 750 4273 tribnts;
786 4216 842 4256 nec
863 4194 1039 4275 disiungere
1059 4216 1110 4259 so·

87 4332 138 4397 lso
157 4334 216 4400 hos
248 4356 397 4401 sensusa
425 4337 536 4405 studiis
565 4342 659 4422 meis,
691 4340 746 4404 ssd
777 4342 907 4421 probari
934 4342 1026 4423 cupio
1054 4342 1110 4403 ubi

790 4472 853 4530 a2
