2468 4838
152 615 200 656 ενι
561 589 620 653 DE
641 586 759 656 POESI

149 786 223 850 pars
242 764 374 846 elegiae,
395 762 452 826 ubi
470 780 577 844 preces
597 759 678 823 liunt
699 758 738 822 ad
759 758 857 823 Lares
877 782 938 842 pro
959 762 1063 827 reditu
1084 765 1174 830 ineo·

148 880 227 944 lumi
257 879 296 943 ad
325 878 441 962 patrias
469 875 575 957 sedes,
606 876 739 942 conflata
768 896 810 939 ex
836 875 946 940 eadem
972 879 1173 960 oppositione

148 1020 272 1077 rerum,
304 996 417 1061 ordine
441 1015 518 1060 vero
542 995 680 1058 inverso.
730 991 813 1056 Nam
839 995 974 1075 primum
1003 995 1059 1058 ubi
1082 998 1174 1061 invo-

149 1126 261 1178 cantur
279 1112 393 1191 Lares,
422 1108 569 1173 laudatur
595 1129 680 1173 noso
701 1107 797 1172 modo
823 1108 1027 1189 simplicitatis
1051 1113 1171 1192 priscae

148 1228 298 1307 felicitas,
337 1225 469 1307 repetita
501 1235 605 1287 autem
639 1221 810 1285 invocatio·
832 1224 1009 1302 oppositam
1042 1224 1172 1288 militiae

149 1340 386 1404 detestationem
409 1339 581 1402 subiectam
607 1336 721 1415 habet3
751 1357 787 1399 ac
807 1333 879 1399 vido
900 1349 1018 1420 quanta
1044 1358 1119 1401 cum
1138 1339 1173 1404 ui

147 1457 288 1536 insurgat
304 1455 447 1533 affectus,
468 1451 636 1516 damnatur
654 1453 791 1534 graviter
807 1452 899 1515 furor
917 1452 994 1514 belli
1012 1463 1045 1515 et
1059 1450 1173 1536 depin-

147 1571 231 1649 gitur
257 1569 368 1631 infelix
395 1567 521 1631 tristitia
546 1566 657 1628 mortis
679 1561 827 1648 Orciqne.
871 1565 955 1628 Tum
976 1584 1056 1630 vero
1077 1566 1171 1630 etiam

148 1681 189 1745 ad
220 1684 410 1746 contrariam
440 1702 508 1745 rem
543 1701 670 1743 carmen
704 1678 786 1743 redit
821 1692 852 1744 et
886 1678 1034 1744 laudatur
1063 1679 1171 1745 denuo

146 1795 277 1857 ielicitas
298 1796 432 1858 rusticae
453 1795 534 1859 vitae
553 1793 587 1855 in
608 1791 803 1874 simplicitate
824 1793 952 1875 optima.
992 1792 1093 1859 Vides
1112 1796 1171 1859 ite·

147 1932 219 1972 rum
246 1911 516 1992 interpositionem
543 1921 743 1990 usurpatam,
773 1907 829 1987 sed
854 1928 939 1972 nunc
962 1929 1000 1972 ea
1020 1910 1171 1993 legunt

146 2027 222 2089 belli
250 2024 412 2088 detestatio
438 2024 471 2085 in
501 2024 605 2086 aredio
634 2023 689 2102 sit,
718 2024 752 2085 in
774 2025 930 2107 principio
953 2036 1058 2088 autern
1080 2036 1113 2087 et
1135 2026 1169 2086 in

145 2142 208 2203 fine
228 2143 298 2203 laus
318 2139 521 2221 simplicitatis
542 2139 685 2202 rusticae.
726 2141 773 2202 lta
793 2141 875 2203 enim
896 2158 1007 2202 cursus
1023 2142 1170 2203 carminis

144 2254 276 2315 larebat.
318 2254 446 2334 lamque
468 2252 619 2314 continuo
640 2253 745 2315 exitus
765 2252 862 2314 intret
880 2250 954 2315 inde
973 2254 1171 2332 theotoco,

144 2367 200 2430 ubi
227 2365 267 2430 ad
293 2368 378 2449 pacis
407 2366 648 2448 descriptionem
675 2367 837 2431 transitur.
877 2366 960 2430 Nam
984 2380 1065 2431 uta
1093 2368 1170 2431 belli

145 2482 350 2546 detestatione
380 2481 504 2546 orditur
533 2504 673 2561 carmen,
708 2484 752 2545 sic
784 2482 818 2543 in
846 2483 931 2565 pacis
957 2481 1051 2547 laude
1082 2484 1170 2547 liniri

145 2595 249 2661 debet.
307 2596 363 2660 Est
391 2616 468 2660 vero
501 2596 594 2658 etiam
624 2597 657 2658 in
692 2595 752 2658 hae
782 2595 892 2659 ultima
924 2606 1013 2677 parte
1043 2610 1169 2661 senata

145 2711 302 2793 oppositio
331 2711 523 2793 principalis.
573 2710 657 2773 Nam
684 2712 822 2793 primurn
850 2708 958 2793 prodit
982 2713 1054 2775 laus
1079 2713 1169 2791 Ppis

144 2826 220 2906 ipsa,
240 2826 292 2888 cui
307 2824 510 2906 descriptioni
524 2822 600 2886 dum
618 2825 704 2885 rixas
722 2822 837 2884 ameris
853 2822 992 2885 suaviter
1005 2823 1169 2905 imnriscet,

143 2939 225 3002 redit
252 2938 326 3001 inde
350 2939 457 3020 paucis
482 2938 598 3001 iterum
619 2937 658 3002 ad
682 2937 812 3000 bellicae
840 2934 1011 3000 ferocitatis
1033 2936 1169 3004 detesta-

144 3055 279 3130 tionem,
318 3051 495 3138 clauditque
523 3067 683 3138 postremo
712 3064 813 3116 totum
839 3053 974 3134 repetita
1001 3060 1168 3121 vocatione

143 3168 242 3231 Pacis.
284 3171 322 3231 ln
342 3190 407 3254 quo
427 3169 515 3235 vides
533 3173 661 3233 tertium
681 3179 864 3251 usurpatam
887 3168 1170 3251 interpositionn.

143 3281 238 3345 Plura
260 3280 299 3345 de
321 3284 490 3349 virtutibus
512 3286 606 3348 huius
630 3285 776 3368 carminis
798 3282 833 3347 in
855 3280 1090 3351 Commentario
1113 3309 1170 3351 ex·

143 3396 245 3477 posita
264 3397 420 3477 reperies,
448 3415 532 3458 nunc
553 3416 706 3458 summam
726 3397 829 3477 legem
853 3398 1089 3481 compositionis
1111 3390 1168 3465 ex'·

143 3510 258 3590 plicare
276 3506 387 3580 debui,
408 3529 489 3593 quae
506 3521 553 3572 est
568 3510 602 3572 in
618 3511 805 3593 repetitione
822 3514 1007 3577 lemanum.
1048 3515 1170 3579 Venia·

144 3643 214 3686 mssa
236 3620 276 3684 ad
298 3621 369 3686 alia.
410 3622 557 3688 Vidimus
579 3626 613 3688 in
637 3625 891 3719 antecedentibus
910 3628 1048 3712 primum
1067 3650 1169 3711 genus

143 3738 354 3822 repetitionis,
376 3739 433 3802 ubi
453 3739 487 3803 in
509 3741 656 3820 exordio,
677 3741 782 3806 medio
803 3743 954 3822 carmine,
977 3744 1066 3807 exitu
1086 3742 1170 3809 redit

143 3876 216 3920 cum
235 3855 269 3920 vi
291 3876 353 3918 una
373 3851 529 3938 quaedam
550 3867 634 3920 certa
654 3855 734 3919 ratio
756 3854 959 3919 tractationis.
1000 3853 1063 3920 Sed
1084 3869 1170 3937 sunt,

144 3980 180 4031 ut
201 3970 235 4033 lit
255 3970 289 4032 in
311 3970 369 4034 hac
391 3968 567 4035 diversitate
591 3984 862 4053 argumentorum,
890 3971 984 4034 etiam
1005 3972 1059 4034 alii
1081 3970 1168 4036 modi

143 4083 346 4163 repetitionis.
394 4086 480 4150 Fieri
509 4100 624 4169 potest,
658 4089 707 4152 nio
728 4090 850 4150 secuudo
870 4090 944 4163 loco,
975 4099 1009 4149 ut
1029 4087 1169 4170 positum

143 4197 176 4256 iu
204 4193 337 4257 exordio
364 4200 467 4262 thema
490 4201 636 4264 coracinis
662 4198 770 4264 redeat
796 4201 865 4265 aliis
886 4202 990 4264 verbis
1011 4201 1046 4263 iu
1071 4201 1169 4277 exitu,

144 4306 217 4368 dum
244 4309 463 4390 interpositum
492 4312 628 4377 medium
658 4333 781 4375 carmen
810 4334 898 4377 suam
920 4316 980 4377 sibi
1005 4315 1168 4398 proprius
