2468 4838
533 517 717 583 TlBULLl.
997 547 1131 589 ιχωη

102 692 263 758 bellorum
282 689 420 755 Veneris
443 685 628 773 descriptio,
656 705 741 774 patet
764 692 933 757 iucundam
958 717 1023 759 esse
1047 698 1129 758 min-

104 813 225 875 tionem
247 828 372 871 rermn.
412 805 451 868 ln
472 807 610 869 maximo
633 827 740 871 errore
762 809 913 885 versaris,
943 811 970 871 si
992 808 1031 874 ad
1055 813 1128 873 sim·

103 924 275 1007 pliciorum
297 921 467 1000 elegiarum
487 921 746 1003 compositionem
759 923 878 986 Tibulli
897 926 1002 1005 copias
1022 926 1129 1004 exigis.

104 1042 161 1104 Est
194 1059 275 1104 vero
307 1036 507 1117 ingeniorum
538 1039 675 1101 oliorum
706 1040 766 1102 alia
797 1038 917 1102 indoles
948 1052 979 1101 et
1010 1021 1129 1103 habent

106 1156 201 1218 etiam
225 1153 394 1216 liberiores
419 1163 524 1215 motus
550 1153 728 1216 animorum
753 1154 803 1216 ius
829 1174 936 1231 suum,
969 1175 1048 1239 quos
1073 1156 1128 1239 qui

95 1270 249 1330 sublatos
266 1267 394 1345 volunt,
415 1262 456 1329 ad
474 1266 620 1329 miseram
639 1266 808 1330 exilitatem
825 1281 975 1331 revocant
995 1270 1127 1351 optimos

107 1394 228 1464 poetas.
270 1380 323 1441 Tu
343 1375 416 1443 vide
436 1401 560 1443 mecum
583 1381 659 1443 alias
680 1381 831 1465 quasdam
854 1383 1035 1446 harmonias
1054 1406 1128 1466 per·

106 1495 257 1576 pulchrae
276 1492 493 1575 oppositarum
510 1513 628 1557 rerum.
669 1495 754 1558 Talis
772 1510 818 1558 est
836 1498 1018 1581 compositio
1038 1499 1128 1561 belli·

108 1631 217 1673 carum
250 1621 282 1673 et
310 1620 493 1695 pacatarum
522 1631 629 1672 rerum
658 1613 734 1691 eleg.
762 1611 792 1688 l,
818 1622 864 1689 7.,
907 1613 962 1674 ubi
989 1612 1126 1694 primum

107 1722 241 1787 uictoria
267 1733 299 1786 et
323 1723 503 1804 triumphus
529 1725 683 1787 Messalae
709 1724 747 1788 de
768 1726 932 1810 Aquitanis
955 1728 1126 1808 ceterisque

106 1837 202 1901 sociis
222 1837 347 1920 populis
369 1835 507 1915 camna,
530 1849 596 1897 tum
616 1858 675 1920 per
693 1850 791 1899 terras
811 1851 842 1899 et
861 1840 1003 1901 nationes
1022 1839 1127 1900 orien-

107 1957 202 2033 tales,
231 1972 309 2037 quas
334 1948 448 2014 deinde
472 1966 689 2034 composuerat
709 1955 859 2032 Messala,
887 1957 931 2019 ita
957 1975 1016 2018 noe
1042 1952 1128 2017 ducit

106 2084 202 2153 poeta
218 2082 256 2133 ut
271 2080 416 2153 pacatum
430 2081 543 2131 statum
558 2069 701 2133 locorum
718 2069 891 2149 adumbret,
910 2071 1125 2154 imprimisque

108 2182 146 2247 de
161 2185 297 2267 Aegypti
314 2184 473 2246 fertilitate
495 2196 526 2244 et
545 2181 667 2248 Osiride
689 2184 779 2247 dicat.
821 2188 886 2249 lam
905 2185 982 2269 quid
1000 2188 1126 2248 suavius

106 2301 303 2382 proeliorum
320 2296 453 2380 strepitu
468 2308 500 2359 et
516 2308 697 2379 pacatarum
711 2299 875 2377 regionum
886 2298 969 2359 laeta
985 2297 1128 2377 imagine,

108 2413 219 2475 bellica
245 2409 340 2473 laude
364 2423 393 2472 et
413 2410 542 2493 pacifica
562 2422 666 2472 utente
687 2410 840 2472 Messalae
866 2412 900 2471 in
928 2410 1037 2474 codem
1059 2431 1126 2472 car·

106 2525 192 2588 mine
217 2520 409 2606 propositisl
451 2519 513 2584 Sed
539 2521 727 2585 lucttleutius
751 2524 844 2585 etiam
868 2525 902 2585 iu
928 2527 987 2587 hoc
1013 2545 1126 2605 genere

108 2661 235 2703 carmen
262 2639 310 2719 11,
335 2646 366 2702 5.
396 2649 460 2717 cst,
502 2638 558 2699 ubi
585 2637 712 2720 politica
738 2636 920 2717 magnitudo
949 2637 1067 2698 Romae
1098 2652 1126 2698 ot

106 2756 224 2818 metica
242 2752 308 2817 vita
331 2762 580 2833 componuntur,
605 2763 635 2813 et
656 2747 732 2831 quid
752 2749 849 2828 magis
870 2748 1045 2810 Romanum
1069 2752 1126 2812 bac

108 2865 349 2943 coniunctione,
393 2884 463 2927 cum
494 2864 544 2924 lric
574 2864 710 2945 populus
742 2864 830 2926 urbis
861 2861 1061 2946 splendorem
1097 2880 1127 2928 et

108 2981 336 3066 simplicitatem
357 2977 440 3040 ruris
461 2981 579 3060 pariter
602 2991 728 3039 amaret.
769 2979 906 3039 Tantum
927 2979 1021 3057 igitur
1042 2982 1127 3040 abest

109 3111 143 3160 ut
172 3093 370 3180 reprehendi
400 3094 450 3156 bic
483 3093 657 3178 quidquam
688 3095 804 3175 possit,
846 3105 882 3156 ut
911 3094 1128 3157 suavissimum

110 3224 297 3274 concentum
321 3210 540 3292 oppositorum
567 3210 709 3271 locorum
739 3205 779 3269 ad
807 3227 902 3268 unam
929 3205 1030 3268 ideam
1055 3228 1128 3270 con-

109 3328 296 3410 spirantium
314 3346 497 3409 expressunt
512 3323 684 3390 videamus.
725 3323 858 3405 Propria
876 3335 923 3386 est
935 3327 1004 3387 laus
1018 3325 1129 3387 Tibul·

109 3443 209 3506 lianae
230 3462 364 3524 poeseos
384 3443 461 3503 haec
484 3440 695 3522 oppositarum
712 3461 821 3502 rerum
838 3442 987 3518 varietas,
1007 3453 1128 3503 etcum

109 3557 244 3618 maxime
274 3577 384 3619 cavera
414 3555 525 3618 debeat
553 3556 649 3634 elegia
675 3576 716 3618 no
736 3558 915 3638 languescat
942 3558 1070 3618 affectus
1095 3559 1129 3618 in

111 3692 275 3752 processu,
307 3671 387 3732 nihil
410 3672 506 3751 magis
534 3682 684 3732 sustentat
709 3672 773 3736 virn
797 3693 831 3734 ac
853 3673 991 3750 vigorem
1016 3684 1128 3733 tracta·

112 3790 213 3851 donis.
266 3787 307 3850 Et
336 3799 441 3850 tamen
469 3788 549 3849 nihil
578 3788 755 3868 perversius
786 3800 946 3868 acceptum
971 3798 1017 3848 est
1046 3787 1129 3867 apud

113 3903 291 3979 Tibullum,
321 3922 416 3984 quem
436 3912 603 3984 propterea
625 3901 699 3961 artis
721 3900 864 3978 ignarum
886 3896 1042 3962 dixerunt.

174 4020 351 4100 Postquam
372 4015 409 4078 de
435 4028 499 4079 tota
523 4016 646 4087 ratione
673 4013 795 4094 poetica
816 4011 1060 4096 descriptionum
1083 4014 1130 4077 di·

115 4133 278 4197 sertissime
303 4130 492 4211 explicatum
512 4142 573 4207 est,
593 4127 813 4212 persequimur
834 4127 940 4210 paucis
959 4131 1080 4213 reliqua
1101 4142 1130 4190 et

116 4249 321 4323 absolvimus,
353 4267 432 4328 quac
459 4245 497 4307 de
525 4257 681 4307 structura
704 4239 801 4305 medii
829 4242 973 4305 carminis
999 4242 1130 4306 dicenda
