2468 4838
498 620 681 687 TlBULLl.
1075 645 1101 684 m

75 790 248 856 declaravit
265 791 402 856 Veneris
421 795 568 870 tutelam,
589 812 672 857 nunc
694 792 848 857 convertit
868 790 908 857 se'
925 792 965 858 ad
985 793 1104 857 iniero·

73 924 144 969 rum
168 904 344 968 numinum
367 906 448 983 vim,
480 919 511 968 et
538 906 674 969 infertur
698 908 887 988 magicarum
915 928 1022 970 rerum
1048 905 1103 969 de·

74 1020 202 1103 scriptio
224 1019 405 1102 magnificem
433 1021 520 1086 dedit
539 1044 611 1102 saga
632 1024 733 1104 perita
755 1022 794 1084 ad
815 1024 966 1088 maiorem
988 1024 1105 1086 securi·

73 1146 169 1217 tatem
189 1147 306 1218 poetae
327 1154 470 1213 carmen,
501 1135 588 1219 quod
612 1137 638 1198 si
659 1146 709 1197 ter
730 1137 980 1218 pronuntiaverit
1000 1136 1102 1212 Delia,

75 1251 302 1313 obeoeeabitur
330 1258 418 1312 mens
450 1250 562 1312 mariti.
613 1250 777 1313 Postremo
806 1253 933 1315 ultimos
962 1250 1104 1314 stimulos

73 1365 289 1450 pmmaeionis
310 1363 456 1430 admovet
476 1366 566 1428 tertia
586 1386 659 1448 pars
678 1386 801 1444 rerum,
825 1378 997 1430 monetrata
1016 1365 1104 1429 deni·

66 1500 139 1564 qne
161 1479 280 1543 amoris
300 1478 334 1541 in
355 1491 449 1561 poeta
469 1479 683 1560 magnitudine
708 1492 739 1541 et
763 1483 953 1560 constantia3
983 1502 1046 1564 qua
1067 1502 1103 1542 re

75 1591 153 1679 qnid
169 1592 318 1657 blandius
335 1592 375 1657 ad
393 1593 634 1660 commovendos
651 1595 818 1659 mulierum
838 1591 983 1659 animos?
1023 1593 1104 1658 Sunt

76 1707 171 1771 etiam
198 1708 252 1770 hic
281 1721 345 1771 tres
376 1695 438 1773 loci
469 1712 588 1792 egregie
619 1712 793 1793 compositi.
847 1708 980 1775 Orditur
1008 1711 1101 1775 hinc:

75 1839 167 1901 sagae
195 1821 378 1900 tentationi,
410 1842 491 1906 quae
521 1825 613 1886 etiam
641 1825 763 1888 solvere
791 1824 878 1886 huno
903 1842 1042 1886 amorem
1073 1836 1103 1885 et

75 1936 269 2015 restinguere
293 1935 354 1997 bos
380 1936 465 2015 ignes
492 1954 525 1997 se
554 1933 647 2017 posse
674 1933 812 2019 dicebat,
843 1937 990 1999 obnisum
1014 1953 1047 1997 se
1073 1946 1104 1996 et

75 2050 241 2131 restitisse,
270 2051 326 2135 qui
346 2070 509 2133 nunquam
532 2070 638 2114 carere
661 2070 721 2112 usu
741 2053 852 2112 Deliae
873 2050 959 2113 velit.
1001 2050 1101 2110 Immo

75 2184 134 2246 pro
156 2185 195 2228 eo
216 2164 322 2226 omnia
343 2164 438 2226 faciat
458 2176 490 2226 et
510 2165 591 2226 ferat
610 2165 767 2228 lubenter.
811 2162 862 2226 Sic
882 2164 974 2225 altius
994 2165 1102 2243 surgit.

76 2279 282 2360 deprimunt
305 2279 438 2362 opponit
463 2280 571 2344 rivalis
594 2281 702 2360 paullo
731 2293 801 2342 ante
829 2280 861 2340 in
885 2281 1002 2341 bellum
1027 2297 1102 2358 pro·

77 2391 149 2456 teeti
168 2391 291 2455 levitati
311 2411 399 2454 suam
424 2389 535 2470 fidem,
565 2410 638 2453 suos
663 2411 789 2469 sensus,
822 2392 877 2475 qui
900 2388 940 2452 ad
963 2402 1099 2453 aratrum
1125 2440 1131 2455 .

77 2520 107 2572 et
120 2510 205 2571 inter
220 2528 328 2589 greges
344 2509 425 2570 laete
442 2506 567 2589 degeret
584 2528 655 2570 oum
673 2508 766 2571 Delia
788 2508 862 2572 solis
881 2508 916 2568 in
932 2506 1101 2583 montibus,

76 2622 147 2703 sed,
175 2644 249 2687 cum
271 2642 336 2685 non
358 2623 517 2704 aperiatur
536 2625 653 2700 ianua,·
674 2637 834 2705 postremo
863 2625 955 2686 etiam
979 2625 1101 2704 templis

76 2739 210 2820 supplex
226 2740 435 2820 procumbere
454 2750 485 2800 et
501 2740 632 2819 genibus
648 2750 767 2802 terram
783 2758 952 2820 perrepere
973 2750 1101 2819 paratus

76 2867 136 2935 eet,
165 2854 297 2919 ellorte
319 2853 527 2920 adversentur
549 2853 593 2917 dii
619 2868 651 2918 et
678 2855 829 2917 meruerit
856 2854 991 2938 aliquid,
1023 2854 1105 2915 nitul

76 2990 140 3033 non
161 2973 353 3034 toleraturus
372 2990 433 3052 pro
452 2991 511 3034 usu
532 2972 664 3053 puellae.
706 2971 745 3032 in
766 2990 830 3053 quo
849 2967 937 3032 vides
958 2965 997 3030 ad
1016 2987 1101 3029 sunt·

75 3106 162 3149 mum
185 3097 311 3148 sumum
329 3086 486 3149 fervorem
506 3086 650 3163 affectus,
677 3098 713 3147 ut
734 3086 796 3148 iam
814 3085 893 3146 nihil
917 3080 991 3145 addi
1010 3101 1101 3162 posse

75 3198 230 3265 videatur.
271 3178 517 3263 Sic'absolvitur
542 3202 632 3263 tertia
655 3221 739 3281 pars.
781 3200 891 3261 Restat
918 3211 955 3260 ut
982 3198 1102 3259 exitum

75 3312 223 3376 indicem.
287 3311 368 3376 Cum
402 3324 540 3375 amantes
576 3313 683 3375 miseri
717 3294 788 3374 ante
819 3312 947 3373 ianuam
978 3311 1102 3392 puellae

36 3484 40 3492 .
75 3427 185 3492 flentes
214 3448 307 3512 saepe
332 3427 514 3492 riderentur
542 3450 560 3490 a
589 3427 879 3511 praetereuntibus,
910 3423 985 3488 inde
1010 3422 1103 3488 ducta

74 3545 176 3609 forma
204 3544 330 3626 poetica
359 3545 533 3626 argumenti
566 3541 711 3607 admonet
739 3543 910 3626 superbos,
949 3528 1015 3604 non
1044 3533 1103 3602 uni

75 3678 200 3744 temper
226 3661 348 3726 saevire
375 3657 486 3739 deum,
519 3671 612 3744 atque
642 3660 685 3722 ita
713 3658 886 3722 communie
913 3655 971 3719 lati
998 3655 1100 3718 consi·

76 3769 252 3849 doratione,
281 3772 370 3857 quod
389 3774 465 3837 alias
486 3773 539 3836 alii
563 3774 739 3851 incumbat,
772 3776 891 3837 solatur
915 3790 1024 3858 graves
1047 3790 1100 3830 ae·

76 3905 213 3965 mmnas,
234 3898 383 3950 eventum
399 3907 475 3951 vero
491 3899 638 3951 votorum
655 3907 785 3951 suorum
799 3881 934 3947 Veneris
952 3882 1101 3965 aequitati

77 3996 285 4064 sommendat.
326 3999 406 4063 Dixi
426 3999 465 4062 de
485 4003 545 4064 hoc
568 4001 655 4063 exitu
676 4001 739 4062 iam
760 4020 865 4081 supra.
904 3998 1037 4061 Vossius
1058 3996 1099 4060 ad

77 4115 242 4182 Messalam
262 4136 414 4181 revocans
436 4119 555 4194 locum,
582 4128 689 4198 peccat
711 4136 782 4177 cum
804 4116 871 4176 aliis
891 4111 1007 4192 modis,
1032 4126 1099 4176 tum

78 4252 129 4312 eo,
158 4229 248 4317 quod
270 4231 419 4295 historica
440 4234 564 4296 subesse
589 4244 679 4312 putat
700 4230 791 4292 etiam
816 4230 875 4309 ibi,
903 4231 959 4293 ubi
984 4233 1099 4292 solum·

78 4344 169 4411 modo
198 4343 503 4429 poetica'sententia
534 4358 593 4420 est,
626 4367 683 4407 nec
713 4345 787 4429 quid
814 4368 872 4430 per
901 4367 933 4410 se
964 4348 1098 4429 postulet
