2468 4838
527 579 710 645 TIBULLI.
1095 606 1147 645 uu

119 748 235 813 teriisse
266 766 351 812 vero
376 768 460 810 nunc
489 750 634 812 meliores
658 770 783 828 sensus,
809 762 844 814 ut
866 762 941 814 sunt
962 751 1017 835 qui
1039 751 1143 835 inepte

117 863 276 942 credant„
297 863 454 927 maximus
476 885 568 928 error
588 877 635 928 est
658 879 689 928 et
708 869 796 929 nullo
816 865 912 930 modo
940 870 1002 931 hoc
1028 872 1143 950 probs-

117 982 208 1045 veris.
263 979 366 1045 Ardet
396 979 524 1064 quidem
553 1004 639 1045 nune
667 983 891 1047 vehementiori
921 986 1051 1062 effectu,
1088 983 1144 1049 sed

118 1094 260 1156 amabilis
278 1093 417 1175 ‘insmie
444 1094 526 1172 eius,
557 1097 584 1158 si
612 1096 749 1178 excipies
771 1117 865 1161 carm.
885 1099 924 1175 Π,
947 1098 978 1161 4.
1007 1111 1037 1161 et
1060 1119 1141 1161 non-

117 1212 204 1273 nulla
223 1210 261 1274 in
285 1208 397 1272 ultima
423 1207 464 1272 sd
484 1210 745 1291 Delismelegia3
772 1212 895 1295 quaerit
920 1211 1050 1274 calidius
1077 1233 1142 1274 sm·

117 1325 249 1405 plexum
281 1331 420 1400 amatae,
452 1320 508 1384 sed
536 1322 632 1385 enimi
659 1323 753 1386 simul
781 1325 964 1403 harmonia,
997 1344 1143 1388 curarum

116 1438 245 1519 requies
265 1434 306 1498 ed
326 1447 451 1519 tempus
469 1437 560 1501 reddi
583 1437 751 1505 videbatur
769 1439 804 1501 in
825 1440 897 1502 sinu
918 1441 1052 1522 puellae,
1073 1440 1141 1502 sins

119 1572 184 1634 que
205 1551 316 1616 uivere
339 1551 486 1629 nolebat,
510 1570 573 1635 quo
596 1571 720 1634 semper
738 1553 898 1616 ferebatur
918 1565 984 1617 toto
1005 1565 1141 1634 pectore.

116 1665 193 1729 Post
215 1664 328 1726 Deliae
350 1665 477 1748 quidem
500 1666 662 1750 perfidiam
683 1687 798 1735 exosus
824 1667 946 1750 puellas
968 1666 1007 1735 sd
1030 1666 1139 1729 Mara-
1163 1676 1168 1753 ξ

117 1782 166 1843 chi
191 1801 287 1842 usum
306 1768 465 1845 aberravit
485 1783 616 1864 opinor,
646 1795 676 1845 et
703 1782 817 1848 talibus
839 1781 1028 1848 carminibus
1049 1781 1140 1857 lusit3
1165 1838 1168 1844 .

117 1894 180 1956 alio
201 1914 280 1957 uero
301 1905 443 1977 tempore
462 1892 637 2003 &Glycera
659 1893 798 1960 desertus
824 1894 995 1977 sapientius
1022 1895 1057 1955 in
1084 1914 1139 1955 ru·
1165 1868 1174 1963 ξ

116 2011 214 2073 eticae
229 2010 311 2077 sitne
326 1988 583 2093 tranquifflntem
603 2010 761 2075 secessisse
776 2010 883 2094 ibique
900 2008 1027 2074 videtur
1041 2029 1137 2091 quae·
1172 2002 1177 2021 ⁸

116 2127 227 2189 sivisse
247 2125 359 2187 soletis
379 2124 512 2202 dolosis,
535 2124 620 2189 uude
641 2139 750 2208 postes
770 2139 922 2192 retractus
941 2127 976 2188 in
996 2125 1137 2186 Nemesis

116 2259 258 2304 umorem
279 2251 445 2322 postquem
465 2251 621 2303 crescente
636 2240 749 2301 morbo
770 2238 866 2303 enimi
880 2239 1051 2301 infaustum
1070 2257 1138 2297 cer-
1182 2238 1190 2345 ἱ

114 2376 190 2418 men
210 2356 252 2430 11,
274 2356 305 2416 4.
332 2354 515 2436 scripserat,
540 2366 643 2420 tamen
668 2374 763 2437 quem
783 2354 909 2416 mollem
936 2352 970 2413 in
991 2352 1136 2414 affectum

115 2470 210 2531 etiam
224 2470 302 2531 hoec
317 2468 420 2549 poesis
436 2465 551 2530 desinit
563 2468 603 2529 in
619 2479 719 2531 sexto.
762 2468 907 2532 Profecto
931 2466 1042 2547 dignus
1062 2479 1136 2542 erut,

115 2585 144 2648 si
165 2585 243 2667 quis·
259 2584 351 2661 nlius,
371 2582 500 2650 meliore
524 2594 609 2646 sorte
631 2583 767 2663 optimus
790 2581 900 2664 poete!

203 2694 266 2759 sed
286 2707 474 2777 perventum
496 2715 580 2756 nunc
602 2715 640 2758 eo
664 2708 725 2773 est,
755 2707 789 2757 ut
813 2694 853 2757 de
875 2699 987 2757 tristitia
1003 2705 1035 2756 et
1058 2716 1136 2777 que·

113 2809 252 2875 timonis
272 2808 471 2901 Tibullisnoe
492 2828 624 2890 poeseos
645 2807 777 2872 dIeetur.

143 2922 313 2984 'Versibus
332 2921 496 3004 impariter
518 2923 632 2985 iunctis
653 2923 849 3006 querimonia
870 2921 1016 3006 primum,

158 3037 235 3100 Post
256 3020 355 3098 etiuni
373 3034 493 3097 incluso
516 3047 562 3098 est
581 3034 647 3099 voti
670 3035 823 3101 sententia
844 3055 981 3116 compos.
1008 3036 1136 3099 Housr.

114 3150 215 3214 Nullo
244 3151 383 3214 carmine
413 3128 558 3216 Tibullus
583 3161 779 3213 venustatem
809 3150 929 3210 formae
958 3161 1136 3230 ceterasque

113 3266 225 3330 leudes
248 3268 426 3350 puellarum
448 3287 578 3345 suarum
605 3262 718 3326 diserte
747 3262 915 3326 celebravit
943 3274 978 3324 ut
1001 3263 1137 3343 Proper·

112 3384 196 3479 tius,
223 3402 282 3445 nec
305 3379 420 3463 gaudia
440 3383 554 3443 amoris
581 3392 728 3462 percepta
751 3381 791 3444 ab
817 3400 854 3443 eo
876 3381 946 3442 ceni
968 3380 1049 3459 dixi,
1080 3379 1135 3442 sed

112 3500 189 3563 talia
207 3519 333 3581 semper
351 3509 492 3579 tempora
509 3493 671 3581 nectenda
691 3495 832 3578 sumpsit,
851 3495 908 3558 ubi
922 3497 1137 3580 querimoniae

112 3615 202 3677 locus
223 3623 321 3690 esset,
345 3612 474 3675 nonnisi
495 3609 639 3690 dissidia,
662 3612 764 3691 rixae,
793 3613 912 3675 clausas
933 3613 1035 3688 iores,
1056 3611 1137 3673 desi-

102 3714 217 3808 ’derie,
242 3739 335 3802 vote,
364 3725 605 3804 obtestationes,
633 3747 739 3803 cruos,
768 3724 977 3808 suspiciones,
1003 3721 1138 3796 dolores,

113 3842 241 3905 timores
262 3839 383 3903 amoris
406 3841 557 3923 loquens,
587 3837 671 3902 unde
695 3840 729 3900 in
757 3839 985 3919 Epigrammete
1006 3833 1139 3895 Domitii

112 3955 210 4019 illaesi
230 3954 357 4020 flevisse
378 3951 493 4015 dicitur
514 3955 607 4033 elegis
631 3972 763 4016 amores.
812 3952 1041 4014 Perlustremus
1066 3950 1137 4011 bre·

112 4071 191 4133 viter
210 4069 349 4150 singula.
391 4067 488 4146 Igitur
511 4062 814 4149 παρακλαυσίθυρα
837 4075 919 4139 suut,
943 4074 976 4123 ut
993 4063 1066 4123 hinc
1089 4062 1137 4123 in-

114 4185 272 4266 cipiemus,
296 4179 470 4245 secuudum
493 4194 524 4243 et
546 4181 690 4262 quintum
713 4200 835 4241 carmen
858 4179 931 4240 libri
953 4178 1056 4259 primi.
1101 4180 1136 4238 Iu

111 4302 163 4364 illo
184 4302 338 4386 queritur
359 4297 499 4361 custodia
520 4297 623 4359 mariti
646 4298 763 4357 clausus
786 4296 869 4356 iores
898 4309 928 4356 et
950 4291 1138 4376 persuadeto
