2468 4838
144 669 288 713 cxxxvtu
545 644 603 710 DE
626 643 747 715 POESI

144 820 243 901 addo,
271 841 311 882 ne
331 820 381 884 bis
404 830 535 883 tractem
554 816 650 882 idem.
698 814 805 893 Quare
826 817 887 879 hoc
909 816 980 878 loco
1001 814 1084 877 nihil
1105 834 1164 876 uo-

142 932 272 996 tandum
300 945 398 996 restat
423 933 485 995 nisi
510 934 572 994 boo
598 950 714 1009 unum,
748 929 901 993 inservire
927 928 1164 1010 amplificationi

143 1045 302 1108 interdum
324 1049 417 1108 etiam
438 1045 584 1108 relativas
607 1041 791 1120 sententias,
820 1055 854 1105 ut
876 1042 905 1119 1,
929 1048 963 1118 1,
988 1046 1047 1104 15:

228 1160 326 1223 Flava
348 1156 459 1237 Ceres,
490 1158 548 1220 tibi
569 1159 609 1221 sit
633 1171 741 1219 nostro
766 1155 805 1218 de
826 1177 900 1219 rure
922 1177 1043 1219 corona

270 1271 398 1353 Spicea,
426 1292 508 1354 quac
528 1270 638 1352 templi
658 1269 794 1352 pendeat
815 1280 887 1332 ante
910 1270 1011 1347 iores,

143 1384 200 1447 ubi
218 1385 264 1446 its
285 1382 390 1445 addita
412 1397 484 1447 sunt
506 1385 631 1463 ultima,
660 1396 696 1445 ut
717 1381 863 1445 disertius
885 1390 1083 1445 exornentur
1106 1401 1163 1441 au·
1195 1438 1203 1455 ,

142 1495 314 1559 tecedcntia
334 1497 449 1560 verba:
479 1499 530 1558 tibi
546 1501 591 1559 sit.
634 1494 723 1557 Adde
744 1498 788 1574 II,
811 1503 846 1573 2,
871 1501 931 1558 16:

230 1608 310 1690 [Nec
332 1610 390 1672 tibi
410 1609 572 1689 malueris]
595 1609 746 1693 quicquid
770 1610 912 1672 felicibus
933 1603 1020 1669 indis

268 1722 432 1800 Nascitur,
460 1722 521 1784 Eoi
542 1744 606 1807 qua
627 1722 722 1785 maris
750 1722 836 1785 unda
861 1724 964 1784 rubet.

142 1837 218 1902 Non
239 1837 445 1917 geographica
465 1837 517 1898 hic
545 1834 664 1898 adiecta
688 1849 735 1899 est
758 1836 926 1917 explicatio
950 1832 1073 1908 ieiune,
1107 1829 1161 1890 sed

144 1973 216 2013 cum
237 1952 340 2012 Eoum
365 1947 405 2010 ad
428 1960 532 2011 ortum
554 1950 698 2011 Aurorae
720 1962 752 2012 et
775 1949 857 2012 Solis
878 1968 965 2010 mare
987 1946 1163 2028 pulcherri-

143 2086 230 2125 mum
251 2064 423 2125 haberetur
443 2074 474 2124 et
495 2062 713 2143 pulcherrimis
737 2064 833 2125 rebus
853 2063 1002 2143 plenum,
1032 2058 1165 2139 ampliti-

145 2178 274 2241 cationis
295 2197 389 2239 causa
408 2188 495 2257 patet
520 2177 622 2256 posita
644 2196 710 2238 esse
732 2177 830 2242 verba
851 2176 885 2237 iu
905 2172 1000 2236 lattde
1027 2193 1165 2254 gemma·

143 2311 225 2352 rum.
267 2289 415 2371 Denique
435 2288 471 2349 in
493 2288 555 2349 hoc
576 2289 605 2367 I,
628 2294 662 2367 2,
686 2296 748 2351 772

228 2399 313 2477 Quid
336 2402 435 2485 Tyrio
457 2404 607 2465 recubare
628 2413 700 2463 toro
721 2403 788 2464 sine
809 2420 917 2465 amore
937 2397 1079 2462 secundo

269 2514 418 2589 Prodest,
448 2536 519 2575 cum
541 2516 617 2577 ssetu
642 2536 709 2577 nox
730 2513 885 2596 vigilanda
907 2510 1020 2577 venit?

143 2630 257 2691 verba:
285 2634 344 2690 sine
364 2649 463 2689 amore
481 2630 604 2690 secundo
626 2629 810 2710 explicatius
831 2627 921 2690 reddi
942 2625 1030 2689 vides
1054 2623 1165 2686 ultimo

144 2744 297 2804 membro.
337 2740 419 2803 Nam
440 2742 497 2803 ubi
517 2741 732 2820 commodum,
760 2740 956 2822 amplificatio
978 2737 1019 2798 ad
1042 2749 1163 2819 partem

143 2867 265 2916 tantum
284 2852 533 2915 antecedentium
550 2857 698 2937 pertinet,
720 2865 755 2914 ut
769 2854 846 2913 haec
864 2848 1036 2913 ostendunt
1057 2871 1164 2913 exem·

143 2969 196 3047 pla
221 2978 252 3026 ct
273 2987 365 3027 nemo
389 2967 496 3028 nescit.
545 2969 632 3029 Haec
657 2967 824 3043 hactenus3
855 2966 905 3026 his
933 2965 1019 3025 enim
1042 2966 1164 3046 legibue

145 3078 376 3157 circumscripta
401 3090 448 3139 cst
472 3082 601 3141 omuino
622 3100 673 3141 res
697 3077 782 3161 apud
801 3079 982 3154 Tibullum,
1014 3078 1164 3160 simplicis

146 3211 182 3250 ea
208 3191 260 3251 lric
288 3190 410 3252 formae
438 3202 469 3251 et
497 3213 591 3271 parce
620 3204 785 3273 usurpata,
818 3211 876 3254 nec
905 3191 985 3251 tanti
1012 3191 1165 3254 momenti

145 3304 255 3384 quanti
276 3298 360 3383 apud
380 3303 598 3383 Propertium,
627 3304 664 3365 de
689 3325 753 3387 quo
775 3325 860 3367 nunc
883 3304 1018 3365 verbum
1040 3300 1165 3366 addam.

143 3415 273 3476 Tibullo
297 3435 368 3476 cum
391 3434 526 3477 nervosa
548 3416 727 3496 simplicitas
750 3430 781 3479 ct
801 3418 891 3498 vigor
911 3437 1077 3499 nunquam
1098 3438 1163 3480 non

143 3527 275 3589 firmiter
295 3524 441 3588 incedens
460 3528 607 3607 proprius
623 3541 716 3605 esset,
738 3533 927 3611 placuerunt
941 3530 970 3594 ei
986 3533 1162 3594 necessario

144 3638 241 3716 tnagis
261 3639 339 3698 istae
362 3634 547 3715 divisiones,
573 3637 803 3721 distinctiones,
827 3646 1041 3726 oppositiones
1065 3663 1164 3706 mem·

145 3753 276 3812 brorum
302 3770 426 3829 gravcs3
456 3753 613 3831 Propertii
636 3773 714 3815 vero
737 3759 842 3834 poesis
868 3768 978 3837 utpote
1003 3758 1108 3818 mollis
1135 3768 1164 3817 et

144 3860 261 3924 blanda
282 3882 348 3924 non
368 3863 547 3944 frequentat
568 3864 624 3923 has
646 3878 769 3927 exactas
791 3865 961 3930 divisiones
983 3880 1015 3930 et
1036 3869 1164 3951 opposi-

145 3975 264 4051 tiones,
298 3970 352 4037 sed
379 3977 475 4054 magis
503 3978 723 4039 similitudinibus
751 3986 948 4042 amariorum
976 3983 1164 4063 amplificare

146 4100 175 4147 et
199 4110 312 4151 ornare
330 4110 382 4152 res
401 4090 525 4169 gaudet.
568 4092 770 4157 Conciunitas
788 4096 915 4179 quidem
934 4096 1027 4159 etiam
1047 4098 1087 4158 ab
1106 4099 1164 4159 lroc

147 4200 278 4262 artificio
309 4199 436 4264 minime
467 4203 573 4280 abest,
614 4205 669 4268 sed
702 4209 808 4270 lenior
838 4221 870 4271 et
902 4210 1030 4272 mollior
1064 4210 1164 4272 iorma

146 4309 385 4375 similitudinum
409 4327 556 4395 ornatus,
585 4321 743 4395 acerbior,
772 4323 927 4401 severior,
957 4322 1084 4400 gravior
1109 4342 1164 4403 op·
