2468 4838
81 633 177 676 nxxvt
489 610 548 672 DE
572 605 692 675 POESI

80 792 151 855 loco
171 790 195 868 I,
218 795 248 867 8,
266 789 382 850 2⁷·50.
402 796 475 871 post
493 783 659 848 introitum
676 779 793 864 pellicit
808 781 951 845 Pholoen
975 777 1017 842 ad
1033 779 1107 842 Ms-

79 905 163 967 rathi
184 922 277 965 usum
297 903 358 980 sic,
388 909 425 962 ut
450 898 589 981 primum
618 887 767 962 iuvenilia
795 896 936 958 membra
959 893 1053 975 pueri
1074 902 1107 953 et

81 1016 210 1082 humida
231 1017 337 1081 oscula
358 1013 554 1078 commendet
576 1037 609 1079 u.
633 1018 755 1090 31·38,
784 1023 852 1073 tum
881 1020 1028 1092 opponat
1055 1026 1105 1070 se·

81 1145 236 1194 nectutem
267 1132 386 1194 tristem
413 1132 538 1213 puellae
567 1142 639 1212 post
668 1132 865 1209 absumptam
890 1123 1045 1187 inutiliter
1071 1121 1106 1184 in

82 1246 152 1309 cani
181 1244 327 1307 amatoris
356 1246 505 1326 amplexu
537 1254 670 1305 aetatem
700 1265 733 1306 u.
763 1240 880 1302 39-46.
938 1237 1106 1298 Postremo

81 1360 184 1420 exitus
205 1358 368 1420 subiicitur
387 1361 469 1421 loco.
516 1354 613 1418 Aliud
634 1359 816 1439 exemplum
835 1355 940 1419 statim
961 1352 1107 1436 sequitur

80 1475 116 1535 iu
137 1473 249 1538 eodem
277 1474 413 1536 carmine
434 1495 467 1536 r.
489 1474 604 1535 55-64.
631 1472 688 1534 ubi
716 1491 799 1552 puer
818 1470 966 1532 miseram
986 1477 1107 1529 sortem

81 1608 170 1651 suam
186 1585 343 1665 describit,
364 1587 421 1670 qui
434 1587 569 1649 Veneris
586 1586 720 1649 furtivae
742 1597 824 1646 artes
846 1581 965 1665 optime
986 1580 1108 1655 sallat,

80 1715 112 1764 at
133 1706 271 1784 puellam
292 1705 388 1767 nolle.
438 1704 541 1765 Porro
562 1699 634 1766 vids
655 1703 750 1764 haec:
778 1698 803 1779 I,
826 1707 856 1778 2,
878 1704 996 1762 tit-80.
1015 1713 1108 1758 amo·

80 1818 123 1879 ris
152 1818 202 1880 sui
228 1817 293 1881 sim
321 1817 519 1899 oppositione
547 1816 655 1880 rivalis
682 1816 835 1896 illustrat3
867 1815 908 1892 ll,
929 1815 962 1890 4,
985 1817 1107 1876 39-50.

80 1950 244 1994 exsecrans
270 1931 413 1997 Nemesis
434 1931 595 1997 avaritiam
623 1933 688 1997 cim
709 1933 851 2014 picturae
879 1941 973 2011 suget
1002 1947 1107 2010 oppo-

80 2042 193 2104 sitione
214 2045 317 2107 bonae
341 2048 465 2128 puellae
486 2049 651 2128 luctusque
672 2044 746 2107 huic
772 2056 845 2126 post
869 2056 1005 2106 mortem
1026 2061 1105 2106 con·

81 2157 206 2239 secrati3
238 2157 273 2219 in
295 2160 392 2239 elegia
422 2161 448 2238 I,
471 2166 502 2222 5.
531 2171 636 2221 autem
664 2180 695 2222 r.
716 2158 758 2220 49
781 2176 851 2241 sqq.
880 2160 973 2220 lenae
1001 2155 1106 2237 turpi·

80 2269 157 2333 tudo
181 2283 213 2334 et
240 2270 343 2335 officia
370 2271 479 2335 sedula
503 2272 633 2335 amantis
657 2269 822 2334 adunam
841 2270 939 2333 finem
958 2268 1021 2335 sibi
1046 2282 1106 2351 o'p·

81 2398 246 2465 ponuntur
271 2386 401 2467 egregie.
444 2385 508 2449 Sed
527 2389 561 2449 in
584 2387 694 2451 codem
722 2386 876 2466 carmine,
899 2388 925 2467 1,
949 2392 980 2467 5,
1008 2387 1106 2451 9-49.

80 2500 173 2560 etiam
200 2501 352 2562 illustrius
382 2504 563 2581 exemplum
596 2500 829 2581 compositionis
860 2501 959 2564 huius
990 2510 1104 2579 exstat,

81 2615 137 2676 ubi
157 2621 242 2676 tn'um
262 2619 405 2679 locorum
431 2618 511 2679 serie
540 2619 757 2697 oppositorum
786 2614 825 2679 de
847 2636 925 2679 cura
946 2617 1031 2681 circs
1052 2636 1105 2679 ns-

79 2739 255 2806 grotautem
276 2741 418 2806 amatam,
446 2727 484 2791 de
507 2731 652 2792 felicitate
674 2727 748 2792 inde
769 2742 893 2812 sperata
913 2731 1044 2810 trusus,
1064 2728 1105 2795 ds

80 2837 191 2901 dolore
221 2843 317 2903 animi
344 2855 412 2903 tum
440 2857 509 2906 orto
539 2847 701 2925 magnifica
727 2845 775 2910 vis
800 2848 949 2929 querelae
972 2846 1107 2910 exsistit.

80 2954 185 3032 Atque
207 2953 268 3017 hoc
296 2975 452 3016 summum
480 2968 527 3017 est
554 2957 589 3017 in
618 2960 679 3020 hoc
704 2978 834 3038 geners3
863 2959 1106 3040 quaternarium

80 3083 248 3129 numerum
268 3065 429 3132 admittere
451 3091 518 3135 uon
537 3073 649 3155 potuit.
691 3073 839 3136 Ceterum
855 3084 946 3136 tanta
961 3066 1104 3138 viscon-

79 3175 236 3242 cinnitatis
258 3181 342 3263 apud
362 3183 524 3247 Tibullum
545 3200 599 3264 est,
619 3199 655 3249 ut
675 3189 726 3250 vel
745 3188 781 3249 in
801 3187 851 3250 his
872 3186 979 3250 suasis
994 3207 1103 3253 exem·

77 3289 147 3370 plis,
171 3295 227 3356 ubi
245 3317 312 3358 non
330 3295 460 3363 disticha
481 3299 627 3378 distichis,
650 3300 707 3364 sed
726 3301 860 3364 maiores
881 3302 946 3364 loci
964 3302 1028 3365 sibi
1046 3322 1103 3385 op·

77 3420 257 3485 ponuntur,
278 3415 464 3496 plerumque
485 3417 657 3499 aequabilis
677 3414 859 3499 magnitudo
881 3415 1102 3498 oppositarum

79 3519 217 3595 partium
240 3520 501 3603 deprehendatur.
541 3531 645 3613 Atque
665 3531 744 3593 haec
764 3531 930 3594 hactenus.

165 3633 261 3697 Tettio
291 3636 394 3700 forma
425 3643 658 3723 compositionis
687 3646 825 3722 gradum
856 3655 919 3723 est,
953 3643 1013 3727 ubi
1041 3643 1104 3707 orti

79 3738 233 3810 divisione
256 3753 430 3830 argumenti
449 3752 610 3819 cuiusdam
632 3755 758 3821 ordines
773 3778 882 3820 rerum
899 3756 1020 3821 diversi
1034 3777 1104 3837 gm-

79 3852 174 3921 datim
206 3877 360 3928 crescente
389 3867 421 3929 vi
453 3867 512 3930 sibi
540 3868 722 3934 succedunt.
773 3870 820 3932 Ac
847 3869 999 3933 Tibullus
1024 3868 1105 3933 duos

78 3967 145 4033 sere
167 3989 221 4040 aut
241 3991 306 4044 tres
328 3978 453 4044 ordines
473 3982 578 4046 habet.
627 3982 799 4046 Videamus
820 3985 963 4064 primum
984 3984 1107 4066 simpli·

77 4080 172 4147 eiora.
214 4094 311 4173 Igitur
338 4093 417 4159 duae
441 4111 514 4160 sunt
539 4110 643 4178 partes
664 4095 854 4178 gradationis
878 4099 914 4160 in
936 4099 988 4163 his
1009 4099 1106 4164 locis:

75 4188 180 4260 Curat.
201 4203 225 4281 l,
244 4213 273 4282 3,
296 4214 387 4271 9-20.
410 4210 597 4274 auxietatem
618 4212 653 4272 iu
675 4209 811 4299 discessu
832 4232 893 4276 suo
916 4227 1106 4294 regnantem

74 4301 225 4387 bipartito
248 4320 392 4389 describit
415 4327 467 4407 ita,
488 4339 523 4390 ut
542 4337 573 4389 et
590 4325 700 4390 Deliae
722 4326 969 4395 sollicitudinem
992 4329 1106 4416 depin-
