2468 4838
507 568 692 637 TlBULLl.
911 548 921 568 ·
1029 600 1106 641 rxrx

78 736 197 801 formas
227 738 282 800 bic
310 741 450 824 explico,
483 762 549 804 non
579 745 722 806 aliorum.
771 744 856 809 Haec
878 748 1037 814 hacteuus.
1057 783 1101 798 -

75 851 148 916 Post
177 853 351 919 exordium
370 856 406 919 iu
435 859 531 920 mado
558 860 645 938 elegio
673 861 765 922 letius
796 859 984 924 diffunditur
1008 884 1100 944 argu·

75 982 220 1033 mannum
243 983 276 1033 et
294 971 396 1035 iusim
423 973 580 1036 evolvitur
607 976 656 1039 vis
685 997 792 1039 rerum
821 979 960 1040 animum
986 980 1099 1061 impel-

74 1085 225 1166 lentium,
247 1108 324 1151 nam
343 1089 417 1152 huic
438 1091 523 1170 parti
543 1092 710 1154 illustratio
732 1092 889 1170 thematis,
908 1093 941 1155 iu
964 1092 1097 1158 exordio

74 1197 162 1283 quod
183 1199 323 1282 prodiit,
351 1206 491 1286 propria.
539 1206 600 1269 llic
620 1207 716 1286 igitsu
734 1208 840 1269 locum
862 1207 979 1269 babent
998 1212 1099 1292 expli-

74 1317 223 1394 sationes,
243 1320 450 1399 narrationes,
466 1319 690 1403 descriptiones
706 1322 888 1386 uberioresr
908 1321 992 1385 redit
1004 1337 1098 1406 poeta

76 1425 117 1492 ad
131 1450 244 1493 causas
263 1436 418 1496 malorum
428 1478 437 1511 ,
458 1454 539 1517 quae
563 1455 636 1497 eum
657 1448 769 1517 urgent
792 1448 824 1499 et
846 1450 969 1500 accusat
989 1451 1097 1502 sueto·

73 1563 142 1624 rss,
172 1558 231 1608 sut
259 1545 398 1630 depingit
425 1550 619 1627 felicitatem,
648 1551 737 1614 euius
759 1569 852 1617 seusu
873 1553 925 1614 rel
944 1553 1095 1632 irnagiua·

73 1659 160 1721 tione
181 1659 337 1740 afficitur,
366 1670 420 1724 aut
439 1661 548 1725 laudes
568 1664 724 1727 factorum
744 1663 962 1746 persequutus,
986 1684 1094 1746 perse-

73 1770 184 1854 quitur
210 1794 322 1855 precss
351 1772 486 1837 deorum
514 1789 545 1839 et
572 1788 646 1840 vota
673 1778 764 1839 initio
793 1788 903 1858 coepta
929 1779 983 1839 vel
1012 1798 1092 1838 nun·

72 1885 162 1967 tiata,
182 1888 261 1952 alias
280 1889 427 1952 hortatur
446 1893 583 1973 puellam
604 1905 658 1954 aut
680 1893 837 1972 obiurgat,
857 1889 1014 1969 irascitur,
1033 1890 1092 1953 mi·

71 2013 177 2079 natur,
195 2003 284 2065 lenas
306 2000 492 2068 detestatur:
514 2026 554 2066 ne
577 2008 685 2084 multa,
705 2005 760 2068 hio
779 2007 939 2088 praeclara
959 2006 1093 2069 varietas

71 2115 244 2179 affectuum
271 2128 303 2178 et
324 2119 451 2180 ubertas
479 2139 586 2180 rerum
614 2118 808 2197 felicissima,
834 2118 886 2180 hic
907 2129 972 2179 tota
991 2118 1092 2180 virtus

71 2240 184 2310 poetae
206 2249 241 2291 ss
261 2241 364 2311 potest
385 2230 549 2294 ostendere
571 2244 603 2293 et
623 2229 759 2294 ostendit
776 2252 821 2294 se.
861 2229 924 2293 Sed
939 2226 1092 2292 desiderat

70 2346 152 2407 baso
175 2367 251 2429 pars
278 2346 452 2427 longiorem
483 2347 741 2429 disputationem
772 2367 870 2432 quare
891 2345 1029 2428 primum
1050 2341 1091 2405 ad

70 2460 194 2523 exitum
214 2462 332 2524 borum
352 2463 525 2525 carminum
548 2459 787 2524 describendum
806 2443 991 2544 pergamus,
1017 2480 1090 2542 per·

68 2577 235 2640 tractaturi
262 2573 375 2638 deinde
403 2575 597 2641 commodius
630 2596 710 2658 quae
743 2596 828 2638 nunc
854 2573 1015 2636 mittimus.
1047 2610 1090 2623 —

69 2695 173 2755 Edere
193 2693 332 2776 qtsistem
352 2695 444 2757 alicrt
465 2706 496 2756 et
515 2691 701 2755 seduliorem
721 2692 818 2754 animi
837 2702 962 2753 statum.
1003 2690 1090 2752 Exo-

69 2822 180 2873 nerata
200 2821 249 2872 est
268 2808 317 2873 vis
337 2829 459 2886 rerum,
484 2808 599 2892 quibus
619 2820 728 2890 pectus
748 2807 938 2888 agitabatur,
960 2806 1092 2869 cessavit

69 2927 161 3009 prior
180 2936 287 2987 motus
307 2944 472 2998 sensuum,
492 2924 617 3006 iamque
638 2922 771 2987 levatior
790 2921 913 2985 animus
940 2919 979 2982 ad
1004 2932 1089 2983 tran·

69 3044 258 3127 quillitatem
277 3039 359 3104 redit
377 3043 637 3124 qualemcunque.
679 3035 773 3112 Quod
794 3036 882 3099 varie
904 3033 999 3097 modo
1021 3036 1091 3097 fieri

68 3169 184 3240 potest.
225 3155 319 3219 Nune
339 3166 434 3237 poeta
454 3153 488 3214 in
510 3173 565 3234 spe
586 3148 714 3229 reditus,
735 3149 769 3210 in
790 3169 845 3230 spe
866 3146 1004 3210 melioris
1021 3148 1089 3209 ior·

69 3287 166 3337 tunae
188 3272 374 3356 requiescit,
401 3291 486 3332 nunc
511 3269 544 3330 iu
567 3263 817 3329 consideratione
840 3262 1012 3325 communis
1034 3263 1090 3326 lati

70 3389 212 3465 humaui,
232 3408 318 3451 nuuc
335 3407 370 3450 se
388 3384 543 3449 submittit
560 3383 661 3447 victus
680 3378 834 3445 voluntati
854 3391 983 3457 amatas,
1004 3400 1089 3442 nunc

70 3528 143 3570 curn
163 3506 312 3568 im'sione
336 3506 460 3586 puellae
486 3513 540 3563 aut
558 3497 665 3562 rivalis
691 3494 822 3560 discedit
844 3496 983 3574 fortiter,
1012 3496 1088 3559 alias

69 3641 141 3683 cum
162 3619 255 3696 votis,
282 3617 428 3700 precibus
449 3613 489 3677 ad
509 3613 593 3691 deos,
615 3610 654 3674 ad
677 3625 808 3675 amatam
828 3631 996 3699 personam
1017 3608 1088 3671 fini-

70 3744 123 3795 tur
143 3752 289 3810 carmen,
322 3742 377 3793 aut
396 3749 499 3811 poena
525 3727 631 3790 divina
653 3725 795 3788 nuntiata
816 3724 924 3787 satisfit
944 3723 1027 3799 irae,
1057 3735 1088 3784 et

70 3867 151 3929 quse
178 3856 255 3908 sunt
283 3843 344 3906 alia
372 3843 492 3905 similia.
542 3843 590 3903 Ao
613 3861 769 3921 nusquam
797 3836 882 3901 deest
906 3833 1088 3897 huiusmodi

70 3966 171 4026 esitus
203 3958 292 4044 apud
318 3961 496 4037 Tibullum3
537 3977 609 4017 narn
639 3973 804 4035 perperam
831 3954 856 4013 l.
884 3952 926 4011 H.
955 3951 1087 4013 Vossius

19 4068 23 4073 ’
69 4081 184 4160 elegiae
217 4074 373 4140 secundae
406 4075 480 4135 libri
509 4069 603 4153 primi
634 4066 750 4147 eripuit
783 4065 952 4144 legitimum
982 4064 1087 4129 finem.

69 4194 187 4257 Notaro
209 4214 295 4254 nuuc
316 4192 445 4271 figuram
467 4198 602 4250 mutatae
622 4185 790 4246 sententiae
813 4181 923 4260 debeo,
945 4182 1037 4245 etiam
1053 4183 1086 4242 in

71 4306 172 4384 onitu,
197 4317 233 4367 ut
259 4325 355 4386 supra
377 4302 452 4380 dixi,
473 4322 564 4382 saepo
585 4311 764 4379 usurpatam
788 4320 806 4359 a
827 4297 964 4360 Tibullo.
1006 4294 1087 4359 Vide
