<?xml version="1.0" encoding="UTF-8"?>
<!DOCTYPE html PUBLIC "-//W3C//DTD XHTML 1.0 Transitional//EN"
    "http://www.w3.org/TR/xhtml1/DTD/xhtml1-transitional.dtd">
<html xmlns="http://www.w3.org/1999/xhtml" xml:lang="en" lang="en">
 <head>
  <title>
</title>
<meta http-equiv="Content-Type" content="text/html;charset=utf-8" />
  <meta name='ocr-system' content='tesseract 3.04.00' />
  <meta name='ocr-capabilities' content='ocr_page ocr_carea ocr_par ocr_line ocrx_word'/>
</head>
<body>
  <div class='ocr_page' id='page_1' title='image "albiitibullicar00dissgoog_0019.png"; bbox 0 0 2468 4838; ppageno 0'>
   <div class='ocr_carea' id='block_1_1' title="bbox 105 644 706 712">
    <p class='ocr_par' dir='ltr' id='par_1_1' title="bbox 105 644 706 712">
     <span class='ocr_line' id='line_1_1' title="bbox 105 644 706 712; baseline 0 -3"><span class='ocrx_word' id='word_1_1' title='bbox 105 669 160 709; x_wconf 75' lang='lat' dir='ltr'><strong>xvv</strong></span> <span class='ocrx_word' id='word_1_2' title='bbox 524 645 581 712; x_wconf 89' lang='lat' dir='ltr'><strong>DE</strong></span> <span class='ocrx_word' id='word_1_3' title='bbox 604 644 706 709; x_wconf 75' lang='lat' dir='ltr'>VITA</span> 
     </span>
    </p>
   </div>
   <div class='ocr_carea' id='block_1_2' title="bbox 59 809 1124 2263">
    <p class='ocr_par' dir='ltr' id='par_1_2' title="bbox 59 809 1124 2263">
     <span class='ocr_line' id='line_1_2' title="bbox 59 809 1123 886; baseline 0.005 -5"><span class='ocrx_word' id='word_1_4' title='bbox 59 834 64 841; x_wconf 86' lang='lat'>·</span> <span class='ocrx_word' id='word_1_5' title='bbox 105 838 178 883; x_wconf 83' lang='lat' dir='ltr'><strong>aon.</strong></span> <span class='ocrx_word' id='word_1_6' title='bbox 202 821 273 878; x_wconf 78' lang='lat'><strong>689.</strong></span> <span class='ocrx_word' id='word_1_7' title='bbox 295 825 385 877; x_wconf 79' lang='lat' dir='ltr'><strong>natvm</strong></span> <span class='ocrx_word' id='word_1_8' title='bbox 408 813 566 876; x_wconf 83' lang='lat' dir='ltr'><strong>Tibullum</strong></span> <span class='ocrx_word' id='word_1_9' title='bbox 589 809 754 877; x_wconf 82' lang='lat' dir='ltr'><strong>candidum</strong></span> <span class='ocrx_word' id='word_1_10' title='bbox 782 813 915 881; x_wconf 89' lang='lat' dir='ltr'><strong>iudicem</strong></span> <span class='ocrx_word' id='word_1_11' title='bbox 944 838 1123 886; x_wconf 78' lang='lat' dir='ltr'>sermonum</span> 
     </span>
     <span class='ocr_line' id='line_1_3' title="bbox 105 927 1124 1010; baseline 0.004 -15"><span class='ocrx_word' id='word_1_12' title='bbox 105 951 233 996; x_wconf 89' lang='lat' dir='ltr'><strong>suorum</strong></span> <span class='ocrx_word' id='word_1_13' title='bbox 260 930 396 1010; x_wconf 87' lang='lat' dir='ltr'><strong>appellat</strong></span> <span class='ocrx_word' id='word_1_14' title='bbox 422 927 518 1008; x_wconf 84' lang='lat' dir='ltr'><strong>Epist.</strong></span> <span class='ocrx_word' id='word_1_15' title='bbox 541 927 572 1001; x_wconf 91' lang='lat' dir='ltr'><strong>l,</strong></span> <span class='ocrx_word' id='word_1_16' title='bbox 594 928 642 1003; x_wconf 83' lang='grc'><strong>4.,</strong></span> <span class='ocrx_word' id='word_1_17' title='bbox 671 946 738 989; x_wconf 86' lang='lat' dir='ltr'><strong>non</strong></span> <span class='ocrx_word' id='word_1_18' title='bbox 768 927 906 994; x_wconf 83' lang='lat' dir='ltr'><strong>facturus</strong></span> <span class='ocrx_word' id='word_1_19' title='bbox 936 936 1015 997; x_wconf 85' lang='lat' dir='ltr'><strong>tanti</strong></span> <span class='ocrx_word' id='word_1_20' title='bbox 1042 936 1124 999; x_wconf 87' lang='lat' dir='ltr'><strong>iudi·</strong></span> 
     </span>
     <span class='ocr_line' id='line_1_4' title="bbox 104 1041 1123 1130; baseline 0.001 -21"><span class='ocrx_word' id='word_1_21' title='bbox 104 1049 186 1111; x_wconf 90' lang='lat' dir='ltr'><strong>cium</strong></span> <span class='ocrx_word' id='word_1_22' title='bbox 206 1043 341 1107; x_wconf 83' lang='lat' dir='ltr'><strong>hominis</strong></span> <span class='ocrx_word' id='word_1_23' title='bbox 361 1041 460 1104; x_wconf 78' lang='lat' dir='ltr'><strong>mrtlto</strong></span> <span class='ocrx_word' id='word_1_24' title='bbox 482 1061 515 1105; x_wconf 90' lang='lat' dir='ltr'><strong>se</strong></span> <span class='ocrx_word' id='word_1_25' title='bbox 536 1041 685 1119; x_wconf 85' lang='lat' dir='ltr'><strong>iunioris,</strong></span> <span class='ocrx_word' id='word_1_26' title='bbox 715 1062 903 1126; x_wconf 86' lang='lat' dir='ltr'><strong>quamquam</strong></span> <span class='ocrx_word' id='word_1_27' title='bbox 925 1047 1047 1130; x_wconf 81' lang='lat' dir='ltr'><strong>aliquot</strong></span> <span class='ocrx_word' id='word_1_28' title='bbox 1067 1069 1123 1110; x_wconf 87' lang='lat' dir='ltr'><strong>an·</strong></span> 
     </span>
     <span class='ocr_line' id='line_1_5' title="bbox 104 1154 1122 1236; baseline 0.002 -13"><span class='ocrx_word' id='word_1_29' title='bbox 104 1160 153 1223; x_wconf 85' lang='lat' dir='ltr'><strong>nie</strong></span> <span class='ocrx_word' id='word_1_30' title='bbox 180 1157 287 1223; x_wconf 86' lang='lat' dir='ltr'><strong>iunior</strong></span> <span class='ocrx_word' id='word_1_31' title='bbox 313 1174 380 1219; x_wconf 87' lang='lat' dir='ltr'><strong>esse</strong></span> <span class='ocrx_word' id='word_1_32' title='bbox 409 1155 514 1236; x_wconf 90' lang='lat' dir='ltr'><strong>potuit</strong></span> <span class='ocrx_word' id='word_1_33' title='bbox 541 1155 695 1221; x_wconf 84' lang='lat' dir='ltr'><strong>Tibullus.</strong></span> <span class='ocrx_word' id='word_1_34' title='bbox 745 1154 866 1234; x_wconf 84' lang='lat' dir='ltr'><strong>Quodsi</strong></span> <span class='ocrx_word' id='word_1_35' title='bbox 894 1159 965 1224; x_wconf 86' lang='lat' dir='ltr'><strong>circ.</strong></span> <span class='ocrx_word' id='word_1_36' title='bbox 986 1163 1026 1222; x_wconf 87' lang='lat' dir='ltr'><strong>ab</strong></span> <span class='ocrx_word' id='word_1_37' title='bbox 1049 1183 1122 1225; x_wconf 78' lang='lat' dir='ltr'><strong>amr.</strong></span> 
     </span>
     <span class='ocr_line' id='line_1_6' title="bbox 104 1266 1120 1355; baseline 0 -18"><span class='ocrx_word' id='word_1_38' title='bbox 104 1279 176 1338; x_wconf 78' lang='lat'><strong>695.</strong></span> <span class='ocrx_word' id='word_1_39' title='bbox 198 1268 240 1333; x_wconf 82' lang='lat' dir='ltr'><strong>ad</strong></span> <span class='ocrx_word' id='word_1_40' title='bbox 259 1288 335 1333; x_wconf 85' lang='lat' dir='ltr'><strong>aaa.</strong></span> <span class='ocrx_word' id='word_1_41' title='bbox 355 1271 430 1331; x_wconf 74' lang='lat' dir='ltr'><strong>too.</strong></span> <span class='ocrx_word' id='word_1_42' title='bbox 449 1266 545 1343; x_wconf 78' lang='lat' dir='ltr'><strong>vixit,</strong></span> <span class='ocrx_word' id='word_1_43' title='bbox 568 1269 760 1333; x_wconf 86' lang='lat' dir='ltr'><strong>conveniunt</strong></span> <span class='ocrx_word' id='word_1_44' title='bbox 780 1271 886 1335; x_wconf 87' lang='lat' dir='ltr'><strong>omnia</strong></span> <span class='ocrx_word' id='word_1_45' title='bbox 907 1273 1041 1355; x_wconf 85' lang='lat' dir='ltr'><strong>optime:</strong></span> <span class='ocrx_word' id='word_1_46' title='bbox 1063 1271 1120 1337; x_wconf 83' lang='lat' dir='ltr'><strong>dici</strong></span> 
     </span>
     <span class='ocr_line' id='line_1_7' title="bbox 101 1379 1122 1469; baseline -0.002 -20"><span class='ocrx_word' id='word_1_47' title='bbox 101 1386 205 1469; x_wconf 87' lang='lat' dir='ltr'><strong>potuit</strong></span> <span class='ocrx_word' id='word_1_48' title='bbox 231 1380 354 1448; x_wconf 85' lang='lat' dir='ltr'><strong>iuvenis</strong></span> <span class='ocrx_word' id='word_1_49' title='bbox 387 1379 551 1445; x_wconf 83' lang='lat' dir='ltr'><strong>decessisse</strong></span> <span class='ocrx_word' id='word_1_50' title='bbox 581 1392 659 1445; x_wconf 86' lang='lat' dir='ltr'><strong>noto</strong></span> <span class='ocrx_word' id='word_1_51' title='bbox 690 1402 748 1449; x_wconf 73' lang='lat' dir='ltr'><strong>stou</strong></span> <span class='ocrx_word' id='word_1_52' title='bbox 777 1385 881 1463; x_wconf 90' lang='lat' dir='ltr'><strong>verbi,</strong></span> <span class='ocrx_word' id='word_1_53' title='bbox 908 1386 1122 1469; x_wconf 77' lang='lat' dir='ltr'><strong>iutprimisque</strong></span> 
     </span>
     <span class='ocr_line' id='line_1_8' title="bbox 103 1490 1121 1580; baseline 0 -19"><span class='ocrx_word' id='word_1_54' title='bbox 103 1503 209 1563; x_wconf 83' lang='lat' dir='ltr'><strong>lavent</strong></span> <span class='ocrx_word' id='word_1_55' title='bbox 229 1496 303 1561; x_wconf 89' lang='lat' dir='ltr'><strong>huic</strong></span> <span class='ocrx_word' id='word_1_56' title='bbox 323 1495 442 1559; x_wconf 84' lang='lat' dir='ltr'><strong>calculo</strong></span> <span class='ocrx_word' id='word_1_57' title='bbox 464 1514 544 1578; x_wconf 84' lang='lat' dir='ltr'><strong>quae</strong></span> <span class='ocrx_word' id='word_1_58' title='bbox 566 1490 606 1558; x_wconf 85' lang='lat' dir='ltr'><strong>de</strong></span> <span class='ocrx_word' id='word_1_59' title='bbox 628 1495 709 1559; x_wconf 86' lang='lat' dir='ltr'><strong>vitae</strong></span> <span class='ocrx_word' id='word_1_60' title='bbox 739 1518 813 1562; x_wconf 86' lang='lat' dir='ltr'><strong>auae</strong></span> <span class='ocrx_word' id='word_1_61' title='bbox 843 1518 935 1563; x_wconf 85' lang='lat' dir='ltr'><strong>cursu</strong></span> <span class='ocrx_word' id='word_1_62' title='bbox 965 1512 1121 1580; x_wconf 86' lang='lat' dir='ltr'><strong>comporta</strong></span> 
     </span>
     <span class='ocr_line' id='line_1_9' title="bbox 102 1609 1120 1695; baseline 0.003 -21"><span class='ocrx_word' id='word_1_63' title='bbox 102 1614 252 1675; x_wconf 86' lang='lat' dir='ltr'><strong>habemus</strong></span> <span class='ocrx_word' id='word_1_64' title='bbox 273 1622 329 1673; x_wconf 89' lang='lat' dir='ltr'><strong>aut</strong></span> <span class='ocrx_word' id='word_1_65' title='bbox 350 1609 501 1673; x_wconf 87' lang='lat' dir='ltr'><strong>coniicere</strong></span> <span class='ocrx_word' id='word_1_66' title='bbox 522 1609 610 1687; x_wconf 90' lang='lat' dir='ltr'><strong>licet,</strong></span> <span class='ocrx_word' id='word_1_67' title='bbox 632 1630 690 1692; x_wconf 88' lang='lat' dir='ltr'><strong>per</strong></span> <span class='ocrx_word' id='word_1_68' title='bbox 711 1631 812 1676; x_wconf 85' lang='lat' dir='ltr'><strong>annos</strong></span> <span class='ocrx_word' id='word_1_69' title='bbox 833 1611 957 1695; x_wconf 80' lang='lat' dir='ltr'><strong>digesta.</strong></span> <span class='ocrx_word' id='word_1_70' title='bbox 999 1615 1037 1675; x_wconf 90' lang='lat' dir='ltr'><strong>ln</strong></span> <span class='ocrx_word' id='word_1_71' title='bbox 1060 1615 1120 1677; x_wconf 86' lang='lat' dir='ltr'><strong>hoc</strong></span> 
     </span>
     <span class='ocr_line' id='line_1_10' title="bbox 100 1722 1120 1809; baseline -0.003 -20"><span class='ocrx_word' id='word_1_72' title='bbox 100 1729 195 1807; x_wconf 85' lang='lat' dir='ltr'><strong>igitur</strong></span> <span class='ocrx_word' id='word_1_73' title='bbox 210 1722 478 1809; x_wconf 82' lang='lat' dir='ltr'><strong>acquiescendum.</strong></span> <span class='ocrx_word' id='word_1_74' title='bbox 521 1723 688 1790; x_wconf 87' lang='lat' dir='ltr'><strong>Paldamus</strong></span> <span class='ocrx_word' id='word_1_75' title='bbox 708 1746 778 1808; x_wconf 86' lang='lat' dir='ltr'><strong>pag.</strong></span> <span class='ocrx_word' id='word_1_76' title='bbox 796 1729 849 1790; x_wconf 77' lang='lat' dir='ltr'><strong>te.</strong></span> <span class='ocrx_word' id='word_1_77' title='bbox 870 1725 1030 1792; x_wconf 78' lang='lat' dir='ltr'>contendit</span> <span class='ocrx_word' id='word_1_78' title='bbox 1048 1747 1120 1789; x_wconf 89' lang='lat' dir='ltr'><strong>ann.</strong></span> 
     </span>
     <span class='ocr_line' id='line_1_11' title="bbox 104 1833 1120 1920; baseline 0.001 -20"><span class='ocrx_word' id='word_1_79' title='bbox 104 1846 323 1920; x_wconf 67' lang='lat' dir='ltr'><strong>respectam</strong></span> <span class='ocrx_word' id='word_1_80' title='bbox 343 1849 462 1899; x_wconf 79' lang='lat' dir='ltr'><strong>natum</strong></span> <span class='ocrx_word' id='word_1_81' title='bbox 501 1833 567 1901; x_wconf 77' lang='lat' dir='ltr'><strong>sed</strong></span> <span class='ocrx_word' id='word_1_82' title='bbox 584 1839 742 1901; x_wconf 66' lang='lat' dir='ltr'><strong>numesius</strong></span> <span class='ocrx_word' id='word_1_83' title='bbox 762 1840 881 1903; x_wconf 88' lang='lat' dir='ltr'><strong>mentio</strong></span> <span class='ocrx_word' id='word_1_84' title='bbox 910 1853 941 1903; x_wconf 88' lang='lat' dir='ltr'><strong>et</strong></span> <span class='ocrx_word' id='word_1_85' title='bbox 968 1841 1057 1902; x_wconf 79' lang='lat' dir='ltr'><strong>duleis</strong></span> <span class='ocrx_word' id='word_1_86' title='bbox 1086 1862 1120 1902; x_wconf 85' lang='lat' dir='ltr'><strong>a·</strong></span> 
     </span>
     <span class='ocr_line' id='line_1_12' title="bbox 101 1951 1119 2033; baseline -0.001 -18"><span class='ocrx_word' id='word_1_87' title='bbox 101 1958 189 2017; x_wconf 75' lang='lat' dir='ltr'><strong>lumrsi</strong></span> <span class='ocrx_word' id='word_1_88' title='bbox 203 1954 239 2017; x_wconf 88' lang='lat' dir='ltr'><strong>in</strong></span> <span class='ocrx_word' id='word_1_89' title='bbox 258 1953 329 2015; x_wconf 90' lang='lat' dir='ltr'><strong>loco</strong></span> <span class='ocrx_word' id='word_1_90' title='bbox 350 1951 475 2013; x_wconf 80' lang='lat' dir='ltr'><strong>Horatii</strong></span> <span class='ocrx_word' id='word_1_91' title='bbox 493 1951 593 2033; x_wconf 83' lang='lat' dir='ltr'><strong>Epist</strong></span> <span class='ocrx_word' id='word_1_92' title='bbox 613 1952 645 2028; x_wconf 92' lang='lat'><strong>1,</strong></span> <span class='ocrx_word' id='word_1_93' title='bbox 667 1953 698 2014; x_wconf 80' lang='lat'><strong>4.</strong></span> <span class='ocrx_word' id='word_1_94' title='bbox 729 1953 832 2016; x_wconf 84' lang='lat' dir='ltr'><strong>atatim</strong></span> <span class='ocrx_word' id='word_1_95' title='bbox 860 1952 1022 2018; x_wconf 82' lang='lat' dir='ltr'><strong>afferendo</strong></span> <span class='ocrx_word' id='word_1_96' title='bbox 1055 1974 1119 2016; x_wconf 87' lang='lat' dir='ltr'><strong>uon</strong></span> 
     </span>
     <span class='ocr_line' id='line_1_13' title="bbox 100 2042 1120 2146; baseline -0.004 -15"><span class='ocrx_word' id='word_1_97' title='bbox 100 2065 216 2131; x_wconf 85' lang='lat' dir='ltr'><strong>indicat</strong></span> <span class='ocrx_word' id='word_1_98' title='bbox 237 2050 410 2129; x_wconf 71' lang='lat' dir='ltr'><strong>necessario</strong></span> <span class='ocrx_word' id='word_1_99' title='bbox 429 2064 528 2127; x_wconf 78' lang='lat' dir='ltr'><strong>mrtlto</strong></span> <span class='ocrx_word' id='word_1_100' title='bbox 549 2042 706 2127; x_wconf 84' lang='lat' dir='ltr'><strong>iuuiorem</strong></span> <span class='ocrx_word' id='word_1_101' title='bbox 725 2077 861 2146; x_wconf 86' lang='lat' dir='ltr'><strong>poetam.</strong></span> <span class='ocrx_word' id='word_1_102' title='bbox 903 2064 997 2129; x_wconf 86' lang='lat' dir='ltr'><strong>Ridet</strong></span> <span class='ocrx_word' id='word_1_103' title='bbox 1017 2069 1120 2129; x_wconf 85' lang='lat' dir='ltr'><strong>iocose</strong></span> 
     </span>
     <span class='ocr_line' id='line_1_14' title="bbox 100 2179 1121 2263; baseline -0.001 -20"><span class='ocrx_word' id='word_1_104' title='bbox 100 2180 250 2245; x_wconf 79' lang='lat' dir='ltr'><strong>Horatius</strong></span> <span class='ocrx_word' id='word_1_105' title='bbox 270 2179 413 2256; x_wconf 86' lang='lat' dir='ltr'><strong>mollem,</strong></span> <span class='ocrx_word' id='word_1_106' title='bbox 434 2197 501 2240; x_wconf 84' lang='lat' dir='ltr'><strong>non</strong></span> <span class='ocrx_word' id='word_1_107' title='bbox 521 2179 595 2242; x_wconf 79' lang='lat' dir='ltr'><strong>satie</strong></span> <span class='ocrx_word' id='word_1_108' title='bbox 609 2181 780 2242; x_wconf 85' lang='lat' dir='ltr'><strong>masculum</strong></span> <span class='ocrx_word' id='word_1_109' title='bbox 796 2179 936 2242; x_wconf 77' lang='lat' dir='ltr'><strong>anhnum</strong></span> <span class='ocrx_word' id='word_1_110' title='bbox 949 2182 1044 2258; x_wconf 83' lang='lat' dir='ltr'><strong>Albii,</strong></span> <span class='ocrx_word' id='word_1_111' title='bbox 1066 2184 1121 2263; x_wconf 89' lang='lat' dir='ltr'><strong>qui</strong></span> 
     </span>
    </p>
   </div>
   <div class='ocr_carea' id='block_1_3' title="bbox 96 2291 1119 4427">
    <p class='ocr_par' dir='ltr' id='par_1_3' title="bbox 98 2291 1119 2817">
     <span class='ocr_line' id='line_1_15' title="bbox 100 2291 1119 2376; baseline 0 -19"><span class='ocrx_word' id='word_1_112' title='bbox 100 2291 196 2359; x_wconf 86' lang='lat' dir='ltr'><strong>modo</strong></span> <span class='ocrx_word' id='word_1_113' title='bbox 216 2293 407 2357; x_wconf 76' lang='lat' dir='ltr'><strong>miserabiles</strong></span> <span class='ocrx_word' id='word_1_114' title='bbox 429 2295 531 2374; x_wconf 83' lang='lat' dir='ltr'><strong>elegos</strong></span> <span class='ocrx_word' id='word_1_115' title='bbox 553 2291 771 2359; x_wconf 72' lang='lat' dir='ltr'><strong>decantaverat</strong></span> <span class='ocrx_word' id='word_1_116' title='bbox 793 2306 923 2376; x_wconf 87' lang='lat' dir='ltr'><strong>propter</strong></span> <span class='ocrx_word' id='word_1_117' title='bbox 944 2294 1119 2376; x_wconf 81' lang='lat' dir='ltr'><strong>Glyceram.</strong></span> 
     </span>
     <span class='ocr_line' id='line_1_16' title="bbox 99 2384 1119 2486; baseline 0 -18"><span class='ocrx_word' id='word_1_118' title='bbox 99 2406 144 2468; x_wconf 88' lang='lat' dir='ltr'><strong>Ut</strong></span> <span class='ocrx_word' id='word_1_119' title='bbox 163 2408 213 2470; x_wconf 84' lang='lat' dir='ltr'><strong>hie</strong></span> <span class='ocrx_word' id='word_1_120' title='bbox 231 2384 335 2469; x_wconf 88' lang='lat' dir='ltr'><strong>verbis</strong></span> <span class='ocrx_word' id='word_1_121' title='bbox 350 2404 476 2465; x_wconf 91' lang='lat' dir='ltr'><strong>minime</strong></span> <span class='ocrx_word' id='word_1_122' title='bbox 493 2424 700 2467; x_wconf 85' lang='lat' dir='ltr'><strong>commovear.</strong></span> <span class='ocrx_word' id='word_1_123' title='bbox 743 2407 794 2467; x_wconf 91' lang='lat' dir='ltr'><strong>De</strong></span> <span class='ocrx_word' id='word_1_124' title='bbox 808 2406 935 2468; x_wconf 81' lang='lat' dir='ltr'><strong>fortuna</strong></span> <span class='ocrx_word' id='word_1_125' title='bbox 950 2426 1026 2468; x_wconf 88' lang='lat' dir='ltr'><strong>vero</strong></span> <span class='ocrx_word' id='word_1_126' title='bbox 1042 2429 1119 2486; x_wconf 86' lang='lat' dir='ltr'><strong>poc·</strong></span> 
     </span>
     <span class='ocr_line' id='line_1_17' title="bbox 100 2516 1119 2598; baseline -0.005 -14"><span class='ocrx_word' id='word_1_127' title='bbox 100 2534 150 2585; x_wconf 87' lang='lat' dir='ltr'><strong>tae</strong></span> <span class='ocrx_word' id='word_1_128' title='bbox 170 2520 363 2583; x_wconf 89' lang='lat' dir='ltr'><strong>luculentum</strong></span> <span class='ocrx_word' id='word_1_129' title='bbox 384 2527 430 2579; x_wconf 87' lang='lat' dir='ltr'><strong>eat</strong></span> <span class='ocrx_word' id='word_1_130' title='bbox 451 2516 664 2581; x_wconf 84' lang='lat' dir='ltr'><strong>testimouium</strong></span> <span class='ocrx_word' id='word_1_131' title='bbox 683 2517 736 2580; x_wconf 90' lang='lat' dir='ltr'><strong>ille</strong></span> <span class='ocrx_word' id='word_1_132' title='bbox 757 2518 860 2598; x_wconf 81' lang='lat' dir='ltr'><strong>locus3</strong></span> <span class='ocrx_word' id='word_1_133' title='bbox 881 2537 954 2579; x_wconf 83' lang='lat' dir='ltr'><strong>narn</strong></span> <span class='ocrx_word' id='word_1_134' title='bbox 973 2518 1119 2579; x_wconf 88' lang='lat' dir='ltr'><strong>omnibus</strong></span> 
     </span>
     <span class='ocr_line' id='line_1_18' title="bbox 98 2628 1118 2716; baseline 0 -19"><span class='ocrx_word' id='word_1_135' title='bbox 98 2635 192 2700; x_wconf 87' lang='lat' dir='ltr'><strong>bonis</strong></span> <span class='ocrx_word' id='word_1_136' title='bbox 221 2644 367 2699; x_wconf 74' lang='lat' dir='ltr'><strong>ornatam</strong></span> <span class='ocrx_word' id='word_1_137' title='bbox 406 2628 581 2713; x_wconf 83' lang='lat' dir='ltr'><strong>praedicat,</strong></span> <span class='ocrx_word' id='word_1_138' title='bbox 615 2633 730 2716; x_wconf 89' lang='lat' dir='ltr'><strong>quibus</strong></span> <span class='ocrx_word' id='word_1_139' title='bbox 762 2651 842 2714; x_wconf 88' lang='lat' dir='ltr'><strong>opus</strong></span> <span class='ocrx_word' id='word_1_140' title='bbox 877 2629 918 2695; x_wconf 88' lang='lat' dir='ltr'><strong>ad</strong></span> <span class='ocrx_word' id='word_1_141' title='bbox 950 2629 1118 2697; x_wconf 85' lang='lat' dir='ltr'><strong>iucundam</strong></span> 
     </span>
     <span class='ocr_line' id='line_1_19' title="bbox 98 2753 213 2817; baseline 0.009 -2"><span class='ocrx_word' id='word_1_142' title='bbox 98 2753 213 2817; x_wconf 77' lang='lat' dir='ltr'><strong>vitam:</strong></span> 
     </span>
    </p>

    <p class='ocr_par' dir='ltr' id='par_1_4' title="bbox 186 2861 1097 2948">
     <span class='ocr_line' id='line_1_20' title="bbox 186 2861 1097 2948; baseline -0.004 -19"><span class='ocrx_word' id='word_1_143' title='bbox 186 2863 263 2929; x_wconf 85' lang='lat' dir='ltr'><strong>Non</strong></span> <span class='ocrx_word' id='word_1_144' title='bbox 283 2875 318 2927; x_wconf 85' lang='lat' dir='ltr'><strong>tu</strong></span> <span class='ocrx_word' id='word_1_145' title='bbox 340 2884 453 2946; x_wconf 88' lang='lat' dir='ltr'><strong>corpus</strong></span> <span class='ocrx_word' id='word_1_146' title='bbox 476 2885 544 2929; x_wconf 87' lang='lat' dir='ltr'><strong>eras</strong></span> <span class='ocrx_word' id='word_1_147' title='bbox 565 2865 633 2930; x_wconf 88' lang='lat' dir='ltr'><strong>aine</strong></span> <span class='ocrx_word' id='word_1_148' title='bbox 655 2877 797 2948; x_wconf 84' lang='lat' dir='ltr'><strong>pectore;</strong></span> <span class='ocrx_word' id='word_1_149' title='bbox 822 2861 855 2927; x_wconf 79' lang='lat' dir='ltr'><strong>sii</strong></span> <span class='ocrx_word' id='word_1_150' title='bbox 876 2863 934 2927; x_wconf 85' lang='lat' dir='ltr'><strong>tibi</strong></span> <span class='ocrx_word' id='word_1_151' title='bbox 953 2864 1097 2941; x_wconf 70' lang='lat' dir='ltr'><strong>foratam,</strong></span> 
     </span>
    </p>

    <p class='ocr_par' dir='ltr' id='par_1_5' title="bbox 184 2974 964 3062">
     <span class='ocr_line' id='line_1_21' title="bbox 184 2974 964 3062; baseline -0.001 -22"><span class='ocrx_word' id='word_1_152' title='bbox 184 2978 230 3040; x_wconf 91' lang='lat' dir='ltr'><strong>Di</strong></span> <span class='ocrx_word' id='word_1_153' title='bbox 250 2977 307 3041; x_wconf 89' lang='lat' dir='ltr'><strong>tibi</strong></span> <span class='ocrx_word' id='word_1_154' title='bbox 327 2975 449 3040; x_wconf 85' lang='lat' dir='ltr'><strong>divitias</strong></span> <span class='ocrx_word' id='word_1_155' title='bbox 471 2974 625 3041; x_wconf 86' lang='lat' dir='ltr'><strong>dederunt</strong></span> <span class='ocrx_word' id='word_1_156' title='bbox 646 2990 806 3062; x_wconf 81' lang='lat' dir='ltr'><strong>artemque</strong></span> <span class='ocrx_word' id='word_1_157' title='bbox 828 2975 964 3039; x_wconf 82' lang='lat' dir='ltr'><strong>fruendi.</strong></span> 
     </span>
    </p>

    <p class='ocr_par' dir='ltr' id='par_1_6' title="bbox 185 3086 1088 3166">
     <span class='ocr_line' id='line_1_22' title="bbox 185 3086 1088 3166; baseline -0.002 -13"><span class='ocrx_word' id='word_1_158' title='bbox 185 3086 270 3166; x_wconf 84' lang='lat' dir='ltr'><strong>Quid</strong></span> <span class='ocrx_word' id='word_1_159' title='bbox 291 3102 404 3153; x_wconf 79' lang='lat' dir='ltr'><strong>voveat</strong></span> <span class='ocrx_word' id='word_1_160' title='bbox 423 3087 508 3155; x_wconf 89' lang='lat' dir='ltr'><strong>dulci</strong></span> <span class='ocrx_word' id='word_1_161' title='bbox 531 3092 685 3155; x_wconf 81' lang='lat' dir='ltr'><strong>nutricula</strong></span> <span class='ocrx_word' id='word_1_162' title='bbox 704 3092 805 3155; x_wconf 88' lang='lat' dir='ltr'><strong>maius</strong></span> <span class='ocrx_word' id='word_1_163' title='bbox 826 3092 968 3166; x_wconf 85' lang='lat' dir='ltr'><strong>alumno,</strong></span> <span class='ocrx_word' id='word_1_164' title='bbox 1085 3158 1088 3165; x_wconf 57' lang='grc'><em>,</em></span> 
     </span>
    </p>

    <p class='ocr_par' dir='ltr' id='par_1_7' title="bbox 183 3200 1003 3286">
     <span class='ocr_line' id='line_1_23' title="bbox 183 3200 1003 3286; baseline 0 -21"><span class='ocrx_word' id='word_1_165' title='bbox 183 3200 248 3279; x_wconf 84' lang='lat' dir='ltr'><strong>Qui</strong></span> <span class='ocrx_word' id='word_1_166' title='bbox 268 3222 377 3284; x_wconf 83' lang='lat' dir='ltr'><strong>sapere</strong></span> <span class='ocrx_word' id='word_1_167' title='bbox 398 3214 430 3267; x_wconf 90' lang='lat' dir='ltr'><strong>et</strong></span> <span class='ocrx_word' id='word_1_168' title='bbox 451 3204 512 3266; x_wconf 81' lang='lat' dir='ltr'><strong>sari</strong></span> <span class='ocrx_word' id='word_1_169' title='bbox 530 3204 629 3285; x_wconf 83' lang='lat' dir='ltr'><strong>possit</strong></span> <span class='ocrx_word' id='word_1_170' title='bbox 649 3223 730 3286; x_wconf 87' lang='lat' dir='ltr'><strong>quaa</strong></span> <span class='ocrx_word' id='word_1_171' title='bbox 751 3203 878 3279; x_wconf 86' lang='lat' dir='ltr'><strong>sentiat,</strong></span> <span class='ocrx_word' id='word_1_172' title='bbox 901 3214 933 3264; x_wconf 89' lang='lat' dir='ltr'><strong>et</strong></span> <span class='ocrx_word' id='word_1_173' title='bbox 953 3204 1003 3265; x_wconf 89' lang='lat' dir='ltr'><strong>cui</strong></span> 
     </span>
    </p>

    <p class='ocr_par' dir='ltr' id='par_1_8' title="bbox 184 3311 938 3394">
     <span class='ocr_line' id='line_1_24' title="bbox 184 3311 938 3394; baseline -0.004 -16"><span class='ocrx_word' id='word_1_174' title='bbox 184 3316 310 3388; x_wconf 84' lang='lat' dir='ltr'><strong>Gratia,</strong></span> <span class='ocrx_word' id='word_1_175' title='bbox 329 3318 430 3393; x_wconf 83' lang='lat' dir='ltr'><strong>lema,</strong></span> <span class='ocrx_word' id='word_1_176' title='bbox 451 3313 597 3380; x_wconf 80' lang='lat' dir='ltr'><strong>valetudo</strong></span> <span class='ocrx_word' id='word_1_177' title='bbox 619 3315 776 3394; x_wconf 82' lang='lat' dir='ltr'><strong>contingat</strong></span> <span class='ocrx_word' id='word_1_178' title='bbox 796 3311 938 3391; x_wconf 86' lang='lat' dir='ltr'><strong>abundo,</strong></span> 
     </span>
    </p>

    <p class='ocr_par' dir='ltr' id='par_1_9' title="bbox 96 3422 1119 4427">
     <span class='ocr_line' id='line_1_25' title="bbox 183 3422 961 3493; baseline -0.01 0"><span class='ocrx_word' id='word_1_179' title='bbox 183 3431 225 3493; x_wconf 86' lang='lat' dir='ltr'><strong>Et</strong></span> <span class='ocrx_word' id='word_1_180' title='bbox 242 3427 380 3493; x_wconf 85' lang='lat' dir='ltr'><strong>mundus</strong></span> <span class='ocrx_word' id='word_1_181' title='bbox 401 3429 501 3493; x_wconf 76' lang='lat' dir='ltr'><strong>viam</strong></span> <span class='ocrx_word' id='word_1_182' title='bbox 521 3448 589 3493; x_wconf 85' lang='lat' dir='ltr'><strong>non</strong></span> <span class='ocrx_word' id='word_1_183' title='bbox 609 3426 769 3493; x_wconf 81' lang='lat' dir='ltr'><strong>deficiente</strong></span> <span class='ocrx_word' id='word_1_184' title='bbox 790 3422 961 3493; x_wconf 70' lang='lat' dir='ltr'><strong>uomens?</strong></span> 
     </span>
     <span class='ocr_line' id='line_1_26' title="bbox 99 3537 1116 3627; baseline -0.011 -16"><span class='ocrx_word' id='word_1_185' title='bbox 99 3552 144 3611; x_wconf 84' lang='lat' dir='ltr'><strong>Ac</strong></span> <span class='ocrx_word' id='word_1_186' title='bbox 173 3547 293 3609; x_wconf 80' lang='lat' dir='ltr'><strong>formae</strong></span> <span class='ocrx_word' id='word_1_187' title='bbox 321 3542 587 3627; x_wconf 84' lang='lat' dir='ltr'><strong>pulchritudinem</strong></span> <span class='ocrx_word' id='word_1_188' title='bbox 608 3544 702 3607; x_wconf 85' lang='lat' dir='ltr'><strong>eliam</strong></span> <span class='ocrx_word' id='word_1_189' title='bbox 728 3545 803 3607; x_wconf 87' lang='lat' dir='ltr'><strong>Vita</strong></span> <span class='ocrx_word' id='word_1_190' title='bbox 820 3537 953 3624; x_wconf 67' lang='lat' dir='ltr'><strong>&#39;antiqua</strong></span> <span class='ocrx_word' id='word_1_191' title='bbox 972 3551 1116 3618; x_wconf 62' lang='lat' dir='ltr'><strong>testatam</strong></span> 
     </span>
     <span class='ocr_line' id='line_1_27' title="bbox 97 3649 1117 3740; baseline -0.015 -14"><span class='ocrx_word' id='word_1_192' title='bbox 97 3657 309 3728; x_wconf 85' lang='lat' dir='ltr'><strong>valetudinem</strong></span> <span class='ocrx_word' id='word_1_193' title='bbox 327 3669 457 3739; x_wconf 87' lang='lat' dir='ltr'><strong>poetae,</strong></span> <span class='ocrx_word' id='word_1_194' title='bbox 487 3655 630 3740; x_wconf 86' lang='lat' dir='ltr'><strong>quinon</strong></span> <span class='ocrx_word' id='word_1_195' title='bbox 650 3659 784 3720; x_wconf 85' lang='lat' dir='ltr'><strong>multum</strong></span> <span class='ocrx_word' id='word_1_196' title='bbox 811 3658 893 3719; x_wconf 78' lang='lat' dir='ltr'><strong>ultm</strong></span> <span class='ocrx_word' id='word_1_197' title='bbox 915 3649 1117 3736; x_wconf 80' lang='lat' dir='ltr'><strong>quadraginta</strong></span> 
     </span>
     <span class='ocr_line' id='line_1_28' title="bbox 98 3764 1116 3857; baseline -0.015 -17"><span class='ocrx_word' id='word_1_198' title='bbox 98 3798 198 3841; x_wconf 85' lang='lat' dir='ltr'><strong>annos</strong></span> <span class='ocrx_word' id='word_1_199' title='bbox 225 3773 321 3853; x_wconf 82' lang='lat' dir='ltr'><strong>vixit,</strong></span> <span class='ocrx_word' id='word_1_200' title='bbox 347 3772 499 3857; x_wconf 74' lang='lat' dir='ltr'><strong>imprimis</strong></span> <span class='ocrx_word' id='word_1_201' title='bbox 527 3771 669 3835; x_wconf 81' lang='lat' dir='ltr'><strong>Nemesis</strong></span> <span class='ocrx_word' id='word_1_202' title='bbox 697 3791 786 3834; x_wconf 85' lang='lat' dir='ltr'><strong>amor</strong></span> <span class='ocrx_word' id='word_1_203' title='bbox 815 3769 969 3833; x_wconf 82' lang='lat' dir='ltr'><strong>infaustus</strong></span> <span class='ocrx_word' id='word_1_204' title='bbox 990 3764 1116 3845; x_wconf 81' lang='lat' dir='ltr'><strong>fregisse</strong></span> 
     </span>
     <span class='ocr_line' id='line_1_29' title="bbox 96 3881 1117 3970; baseline -0.014 -15"><span class='ocrx_word' id='word_1_205' title='bbox 96 3890 233 3956; x_wconf 85' lang='lat' dir='ltr'><strong>videtur.</strong></span> <span class='ocrx_word' id='word_1_206' title='bbox 284 3888 419 3953; x_wconf 82' lang='lat' dir='ltr'><strong>Divitiae</strong></span> <span class='ocrx_word' id='word_1_207' title='bbox 440 3888 590 3952; x_wconf 85' lang='lat' dir='ltr'><strong>Horatius</strong></span> <span class='ocrx_word' id='word_1_208' title='bbox 610 3888 717 3970; x_wconf 86' lang='lat' dir='ltr'><strong>paullo</strong></span> <span class='ocrx_word' id='word_1_209' title='bbox 737 3897 810 3967; x_wconf 89' lang='lat' dir='ltr'><strong>post</strong></span> <span class='ocrx_word' id='word_1_210' title='bbox 828 3881 982 3947; x_wconf 87' lang='lat' dir='ltr'><strong>mundum</strong></span> <span class='ocrx_word' id='word_1_211' title='bbox 1002 3883 1117 3943; x_wconf 88' lang='lat' dir='ltr'><strong>victum</strong></span> 
     </span>
     <span class='ocr_line' id='line_1_30' title="bbox 98 3998 1119 4088; baseline -0.012 -21"><span class='ocrx_word' id='word_1_212' title='bbox 98 4004 189 4078; x_wconf 84' lang='lat' dir='ltr'><strong>dicit,</strong></span> <span class='ocrx_word' id='word_1_213' title='bbox 218 4006 273 4086; x_wconf 91' lang='lat' dir='ltr'><strong>qui</strong></span> <span class='ocrx_word' id='word_1_214' title='bbox 302 4018 349 4068; x_wconf 87' lang='lat' dir='ltr'><strong>eet</strong></span> <span class='ocrx_word' id='word_1_215' title='bbox 376 4025 480 4088; x_wconf 87' lang='lat' dir='ltr'><strong>neque</strong></span> <span class='ocrx_word' id='word_1_216' title='bbox 510 4001 655 4068; x_wconf 80' lang='lat' dir='ltr'><strong>sordidus</strong></span> <span class='ocrx_word' id='word_1_217' title='bbox 682 4021 787 4084; x_wconf 90' lang='lat' dir='ltr'><strong>neque</strong></span> <span class='ocrx_word' id='word_1_218' title='bbox 816 3999 908 4061; x_wconf 86' lang='lat' dir='ltr'><strong>nimis</strong></span> <span class='ocrx_word' id='word_1_219' title='bbox 936 3998 1058 4078; x_wconf 82' lang='lat' dir='ltr'><strong>arnplus</strong></span> <span class='ocrx_word' id='word_1_220' title='bbox 1087 4006 1119 4056; x_wconf 85' lang='lat' dir='ltr'><strong>et</strong></span> 
     </span>
     <span class='ocr_line' id='line_1_31' title="bbox 99 4111 1115 4198; baseline -0.011 -17"><span class='ocrx_word' id='word_1_221' title='bbox 99 4117 258 4198; x_wconf 74' lang='lat' dir='ltr'><strong>opiparas,</strong></span> <span class='ocrx_word' id='word_1_222' title='bbox 279 4128 372 4198; x_wconf 84' lang='lat' dir='ltr'><strong>atque</strong></span> <span class='ocrx_word' id='word_1_223' title='bbox 393 4118 436 4179; x_wconf 87' lang='lat' dir='ltr'><strong>ita</strong></span> <span class='ocrx_word' id='word_1_224' title='bbox 457 4118 601 4181; x_wconf 87' lang='lat' dir='ltr'><strong>Tibullus</strong></span> <span class='ocrx_word' id='word_1_225' title='bbox 623 4118 689 4198; x_wconf 86' lang='lat' dir='ltr'><strong>ipse</strong></span> <span class='ocrx_word' id='word_1_226' title='bbox 711 4116 736 4193; x_wconf 89' lang='lat'><strong>1,</strong></span> <span class='ocrx_word' id='word_1_227' title='bbox 754 4122 782 4193; x_wconf 84' lang='lat' dir='ltr'><strong>l,</strong></span> <span class='ocrx_word' id='word_1_228' title='bbox 802 4114 858 4176; x_wconf 85' lang='lat' dir='ltr'><strong>fin.</strong></span> <span class='ocrx_word' id='word_1_229' title='bbox 879 4113 1001 4176; x_wconf 85' lang='lat' dir='ltr'><strong>scribit:</strong></span> <span class='ocrx_word' id='word_1_230' title='bbox 1030 4111 1115 4187; x_wconf 85' lang='lat' dir='ltr'><strong>„De-</strong></span> 
     </span>
     <span class='ocr_line' id='line_1_32' title="bbox 99 4225 1115 4314; baseline -0.006 -21"><span class='ocrx_word' id='word_1_231' title='bbox 99 4229 226 4311; x_wconf 86' lang='lat' dir='ltr'><strong>spiciam</strong></span> <span class='ocrx_word' id='word_1_232' title='bbox 239 4225 327 4305; x_wconf 84' lang='lat' dir='ltr'><strong>dites,</strong></span> <span class='ocrx_word' id='word_1_233' title='bbox 347 4229 576 4314; x_wconf 82' lang='lat' dir='ltr'><strong>despiciamque</strong></span> <span class='ocrx_word' id='word_1_234' title='bbox 588 4232 729 4294; x_wconf 83' lang='lat' dir='ltr'><strong>famem.”</strong></span> <span class='ocrx_word' id='word_1_235' title='bbox 772 4230 915 4293; x_wconf 83' lang='lat' dir='ltr'><strong>Habebat</strong></span> <span class='ocrx_word' id='word_1_236' title='bbox 927 4228 1009 4289; x_wconf 87' lang='lat' dir='ltr'><strong>enim</strong></span> <span class='ocrx_word' id='word_1_237' title='bbox 1023 4245 1115 4306; x_wconf 88' lang='lat' dir='ltr'><strong>prae·</strong></span> 
     </span>
     <span class='ocr_line' id='line_1_33' title="bbox 100 4341 1115 4427; baseline -0.008 -18"><span class='ocrx_word' id='word_1_238' title='bbox 100 4341 186 4409; x_wconf 81' lang='lat' dir='ltr'><strong>lium</strong></span> <span class='ocrx_word' id='word_1_239' title='bbox 201 4342 316 4409; x_wconf 86' lang='lat' dir='ltr'><strong>avitum</strong></span> <span class='ocrx_word' id='word_1_240' title='bbox 336 4342 371 4406; x_wconf 87' lang='lat' dir='ltr'><strong>in</strong></span> <span class='ocrx_word' id='word_1_241' title='bbox 392 4345 518 4424; x_wconf 81' lang='lat' dir='ltr'><strong>regione</strong></span> <span class='ocrx_word' id='word_1_242' title='bbox 539 4343 682 4424; x_wconf 82' lang='lat' dir='ltr'><strong>Pedana,</strong></span> <span class='ocrx_word' id='word_1_243' title='bbox 712 4359 746 4409; x_wconf 92' lang='lat' dir='ltr'><strong>ut</strong></span> <span class='ocrx_word' id='word_1_244' title='bbox 769 4358 814 4408; x_wconf 87' lang='lat' dir='ltr'><strong>est</strong></span> <span class='ocrx_word' id='word_1_245' title='bbox 836 4345 919 4427; x_wconf 86' lang='lat' dir='ltr'><strong>apud</strong></span> <span class='ocrx_word' id='word_1_246' title='bbox 940 4343 1115 4418; x_wconf 85' lang='lat' dir='ltr'><strong>Horatium,</strong></span> 
     </span>
    </p>
   </div>
   <div class='ocr_carea' id='block_1_4' title="bbox 0 0 1238 4838">
    <p class='ocr_par' dir='ltr' id='par_1_10' title="bbox 0 0 1238 4838">
     <span class='ocr_line' id='line_1_34' title="bbox 0 0 1238 4838; baseline 0 1"><span class='ocrx_word' id='word_1_247' title='bbox 0 0 1238 4838; x_wconf 95' lang='lat' dir='ltr'><strong> </strong></span> 
     </span>
    </p>
   </div>
  </div>
 </body>
</html>
