<?xml version="1.0" encoding="UTF-8"?>
<!DOCTYPE html PUBLIC "-//W3C//DTD XHTML 1.0 Transitional//EN"
    "http://www.w3.org/TR/xhtml1/DTD/xhtml1-transitional.dtd">
<html xmlns="http://www.w3.org/1999/xhtml" xml:lang="en" lang="en">
 <head>
  <title>
</title>
<meta http-equiv="Content-Type" content="text/html;charset=utf-8" />
  <meta name='ocr-system' content='tesseract 3.04.00' />
  <meta name='ocr-capabilities' content='ocr_page ocr_carea ocr_par ocr_line ocrx_word'/>
</head>
<body>
  <div class='ocr_page' id='page_1' title='image "albiitibullicar00dissgoog_0052.png"; bbox 0 0 2468 4838; ppageno 0'>
   <div class='ocr_carea' id='block_1_1' title="bbox 557 557 1157 625">
    <p class='ocr_par' dir='ltr' id='par_1_1' title="bbox 557 557 1157 625">
     <span class='ocr_line' id='line_1_1' title="bbox 557 557 1157 625; baseline 0.005 -6"><span class='ocrx_word' id='word_1_1' title='bbox 557 557 738 625; x_wconf 87' lang='lat' dir='ltr'>TlBULLl.</span> <span class='ocrx_word' id='word_1_2' title='bbox 1070 582 1157 623; x_wconf 76' lang='lat' dir='ltr'>xaru</span> 
     </span>
    </p>
   </div>
   <div class='ocr_carea' id='block_1_2' title="bbox 128 725 1153 819">
    <p class='ocr_par' dir='ltr' id='par_1_2' title="bbox 128 725 1153 819">
     <span class='ocr_line' id='line_1_2' title="bbox 128 725 1153 819; baseline 0.007 -29"><span class='ocrx_word' id='word_1_3' title='bbox 128 729 286 811; x_wconf 75' lang='lat' dir='ltr'>imprimis</span> <span class='ocrx_word' id='word_1_4' title='bbox 310 725 441 812; x_wconf 88' lang='lat' dir='ltr'>quidem</span> <span class='ocrx_word' id='word_1_5' title='bbox 462 726 576 791; x_wconf 88' lang='lat' dir='ltr'>Isidem</span> <span class='ocrx_word' id='word_1_6' title='bbox 598 733 725 810; x_wconf 88' lang='lat' dir='ltr'>colebat,</span> <span class='ocrx_word' id='word_1_7' title='bbox 748 731 787 794; x_wconf 83' lang='lat' dir='ltr'>ci.</span> <span class='ocrx_word' id='word_1_8' title='bbox 803 733 827 812; x_wconf 91' lang='lat' dir='ltr'>l,</span> <span class='ocrx_word' id='word_1_9' title='bbox 849 739 880 810; x_wconf 76' lang='lat'>³,</span> <span class='ocrx_word' id='word_1_10' title='bbox 902 740 942 797; x_wconf 83' lang='lat'>23</span> <span class='ocrx_word' id='word_1_11' title='bbox 959 756 1038 818; x_wconf 81' lang='lat' dir='ltr'>sqq,</span> <span class='ocrx_word' id='word_1_12' title='bbox 1059 757 1153 819; x_wconf 91' lang='lat' dir='ltr'>quem</span> 
     </span>
    </p>
   </div>
   <div class='ocr_carea' id='block_1_3' title="bbox 124 959 1152 1505">
    <p class='ocr_par' dir='ltr' id='par_1_3' title="bbox 124 959 1152 1505">
     <span class='ocr_line' id='line_1_3' title="bbox 126 959 1152 1046; baseline 0.004 -24"><span class='ocrx_word' id='word_1_13' title='bbox 126 972 259 1038; x_wconf 79' lang='lat' dir='ltr'>seorstas,</span> <span class='ocrx_word' id='word_1_14' title='bbox 283 960 337 1023; x_wconf 87' lang='lat' dir='ltr'>coi</span> <span class='ocrx_word' id='word_1_15' title='bbox 354 959 404 1021; x_wconf 89' lang='lat' dir='ltr'>rei</span> <span class='ocrx_word' id='word_1_16' title='bbox 423 960 690 1039; x_wconf 69' lang='lat' dir='ltr'>opportunitatem</span> <span class='ocrx_word' id='word_1_17' title='bbox 712 963 902 1042; x_wconf 77' lang='lat' dir='ltr'>praebebant</span> <span class='ocrx_word' id='word_1_18' title='bbox 928 965 1042 1046; x_wconf 88' lang='lat' dir='ltr'>templa</span> <span class='ocrx_word' id='word_1_19' title='bbox 1060 963 1152 1043; x_wconf 72' lang='lat' dir='ltr'>deae,</span> 
     </span>
     <span class='ocr_line' id='line_1_4' title="bbox 126 1073 1150 1164; baseline 0.004 -26"><span class='ocrx_word' id='word_1_20' title='bbox 126 1076 268 1139; x_wconf 87' lang='lat' dir='ltr'>sednon</span> <span class='ocrx_word' id='word_1_21' title='bbox 290 1095 403 1139; x_wconf 86' lang='lat' dir='ltr'>omnes</span> <span class='ocrx_word' id='word_1_22' title='bbox 429 1073 522 1139; x_wconf 83' lang='lat' dir='ltr'>oredo</span> <span class='ocrx_word' id='word_1_23' title='bbox 545 1077 598 1138; x_wconf 90' lang='lat' dir='ltr'>tali</span> <span class='ocrx_word' id='word_1_24' title='bbox 618 1075 785 1158; x_wconf 89' lang='lat' dir='ltr'>cupiditate</span> <span class='ocrx_word' id='word_1_25' title='bbox 808 1076 916 1140; x_wconf 86' lang='lat' dir='ltr'>ductae</span> <span class='ocrx_word' id='word_1_26' title='bbox 937 1092 1028 1159; x_wconf 83' lang='lat' dir='ltr'>sunt,</span> <span class='ocrx_word' id='word_1_27' title='bbox 1057 1092 1150 1164; x_wconf 90' lang='lat' dir='ltr'>atque</span> 
     </span>
     <span class='ocr_line' id='line_1_5' title="bbox 126 1188 1150 1276; baseline 0.005 -24"><span class='ocrx_word' id='word_1_28' title='bbox 126 1192 219 1253; x_wconf 87' lang='lat' dir='ltr'>etiam</span> <span class='ocrx_word' id='word_1_29' title='bbox 241 1190 276 1251; x_wconf 92' lang='lat' dir='ltr'>in</span> <span class='ocrx_word' id='word_1_30' title='bbox 300 1189 423 1252; x_wconf 87' lang='lat' dir='ltr'>Tibulli</span> <span class='ocrx_word' id='word_1_31' title='bbox 443 1191 513 1254; x_wconf 83' lang='lat' dir='ltr'>loeo</span> <span class='ocrx_word' id='word_1_32' title='bbox 535 1188 672 1253; x_wconf 87' lang='lat' dir='ltr'>indicato</span> <span class='ocrx_word' id='word_1_33' title='bbox 695 1194 817 1255; x_wconf 90' lang='lat' dir='ltr'>nullum</span> <span class='ocrx_word' id='word_1_34' title='bbox 838 1193 906 1254; x_wconf 87' lang='lat' dir='ltr'>talis</span> <span class='ocrx_word' id='word_1_35' title='bbox 925 1194 961 1256; x_wconf 92' lang='lat' dir='ltr'>in</span> <span class='ocrx_word' id='word_1_36' title='bbox 982 1207 1075 1276; x_wconf 90' lang='lat' dir='ltr'>poeta</span> <span class='ocrx_word' id='word_1_37' title='bbox 1097 1214 1150 1257; x_wconf 85' lang='lat' dir='ltr'>sn·</span> 
     </span>
     <span class='ocr_line' id='line_1_6' title="bbox 125 1303 1150 1389; baseline 0.001 -20"><span class='ocrx_word' id='word_1_38' title='bbox 125 1306 275 1389; x_wconf 86' lang='lat' dir='ltr'>spicionis</span> <span class='ocrx_word' id='word_1_39' title='bbox 295 1305 478 1384; x_wconf 82' lang='lat' dir='ltr'>vestigium,</span> <span class='ocrx_word' id='word_1_40' title='bbox 508 1303 562 1367; x_wconf 90' lang='lat' dir='ltr'>sed</span> <span class='ocrx_word' id='word_1_41' title='bbox 590 1306 754 1386; x_wconf 78' lang='lat' dir='ltr'>probabile</span> <span class='ocrx_word' id='word_1_42' title='bbox 776 1318 822 1367; x_wconf 90' lang='lat' dir='ltr'>est</span> <span class='ocrx_word' id='word_1_43' title='bbox 842 1305 968 1369; x_wconf 78' lang='lat' dir='ltr'>Deliam</span> <span class='ocrx_word' id='word_1_44' title='bbox 990 1307 1150 1389; x_wconf 75' lang='lat' dir='ltr'>prioribus</span> 
     </span>
     <span class='ocr_line' id='line_1_7' title="bbox 124 1421 1150 1505; baseline -0.002 -19"><span class='ocrx_word' id='word_1_45' title='bbox 124 1424 220 1487; x_wconf 88' lang='lat' dir='ltr'>huius</span> <span class='ocrx_word' id='word_1_46' title='bbox 249 1422 365 1486; x_wconf 87' lang='lat' dir='ltr'>amoris</span> <span class='ocrx_word' id='word_1_47' title='bbox 395 1422 487 1484; x_wconf 88' lang='lat' dir='ltr'>annis</span> <span class='ocrx_word' id='word_1_48' title='bbox 515 1423 647 1486; x_wconf 87' lang='lat' dir='ltr'>alienam</span> <span class='ocrx_word' id='word_1_49' title='bbox 673 1423 770 1486; x_wconf 85' lang='lat' dir='ltr'>fuisse</span> <span class='ocrx_word' id='word_1_50' title='bbox 794 1425 833 1485; x_wconf 91' lang='lat' dir='ltr'>ab</span> <span class='ocrx_word' id='word_1_51' title='bbox 858 1423 919 1486; x_wconf 88' lang='lat' dir='ltr'>ista</span> <span class='ocrx_word' id='word_1_52' title='bbox 946 1421 1150 1505; x_wconf 81' lang='lat' dir='ltr'>turpitudine,</span> 
     </span>
    </p>
   </div>
   <div class='ocr_carea' id='block_1_4' title="bbox 121 1536 1148 2082">
    <p class='ocr_par' dir='ltr' id='par_1_4' title="bbox 121 1536 1148 2082">
     <span class='ocr_line' id='line_1_8' title="bbox 125 1536 1148 1623; baseline -0.002 -22"><span class='ocrx_word' id='word_1_53' title='bbox 125 1560 221 1623; x_wconf 89' lang='lat' dir='ltr'>quam</span> <span class='ocrx_word' id='word_1_54' title='bbox 242 1550 351 1620; x_wconf 86' lang='lat' dir='ltr'>postea</span> <span class='ocrx_word' id='word_1_55' title='bbox 371 1538 466 1599; x_wconf 88' lang='lat' dir='ltr'>etiam</span> <span class='ocrx_word' id='word_1_56' title='bbox 487 1537 595 1600; x_wconf 85' lang='lat' dir='ltr'>Bonae</span> <span class='ocrx_word' id='word_1_57' title='bbox 616 1536 692 1599; x_wconf 89' lang='lat' dir='ltr'>deae</span> <span class='ocrx_word' id='word_1_58' title='bbox 713 1557 803 1599; x_wconf 85' lang='lat' dir='ltr'>sacra</span> <span class='ocrx_word' id='word_1_59' title='bbox 820 1538 947 1600; x_wconf 87' lang='lat' dir='ltr'>nolebat</span> <span class='ocrx_word' id='word_1_60' title='bbox 963 1549 1062 1618; x_wconf 90' lang='lat' dir='ltr'>poeta</span> <span class='ocrx_word' id='word_1_61' title='bbox 1081 1538 1148 1600; x_wconf 84' lang='lat' dir='ltr'>sino</span> 
     </span>
     <span class='ocr_line' id='line_1_9' title="bbox 123 1630 1146 1734; baseline 0.002 -21"><span class='ocrx_word' id='word_1_62' title='bbox 123 1630 255 1714; x_wconf 75' lang='lat' dir='ltr'>eustode</span> <span class='ocrx_word' id='word_1_63' title='bbox 277 1654 487 1734; x_wconf 73' lang='lat' dir='ltr'>subsequente</span> <span class='ocrx_word' id='word_1_64' title='bbox 512 1648 609 1713; x_wconf 83' lang='lat' dir='ltr'>adire.</span> <span class='ocrx_word' id='word_1_65' title='bbox 652 1648 715 1712; x_wconf 85' lang='lat' dir='ltr'>Sed</span> <span class='ocrx_word' id='word_1_66' title='bbox 734 1652 795 1713; x_wconf 91' lang='lat' dir='ltr'>hoc</span> <span class='ocrx_word' id='word_1_67' title='bbox 817 1664 943 1732; x_wconf 89' lang='lat' dir='ltr'>postea,</span> <span class='ocrx_word' id='word_1_68' title='bbox 973 1653 1061 1734; x_wconf 89' lang='lat' dir='ltr'>prius</span> <span class='ocrx_word' id='word_1_69' title='bbox 1085 1653 1146 1715; x_wconf 88' lang='lat' dir='ltr'>alia</span> 
     </span>
     <span class='ocr_line' id='line_1_10' title="bbox 121 1763 1147 1845; baseline -0.001 -18"><span class='ocrx_word' id='word_1_70' title='bbox 121 1785 193 1843; x_wconf 70' lang='lat' dir='ltr'>res,</span> <span class='ocrx_word' id='word_1_71' title='bbox 214 1785 287 1845; x_wconf 86' lang='lat' dir='ltr'>uam</span> <span class='ocrx_word' id='word_1_72' title='bbox 308 1778 430 1826; x_wconf 84' lang='lat' dir='ltr'>eertum</span> <span class='ocrx_word' id='word_1_73' title='bbox 453 1776 499 1824; x_wconf 89' lang='lat' dir='ltr'>est</span> <span class='ocrx_word' id='word_1_74' title='bbox 520 1784 589 1824; x_wconf 89' lang='lat' dir='ltr'>eam</span> <span class='ocrx_word' id='word_1_75' title='bbox 611 1763 741 1827; x_wconf 90' lang='lat' dir='ltr'>omnino</span> <span class='ocrx_word' id='word_1_76' title='bbox 762 1765 940 1844; x_wconf 83' lang='lat' dir='ltr'>religiosam</span> <span class='ocrx_word' id='word_1_77' title='bbox 962 1767 1078 1843; x_wconf 85' lang='lat' dir='ltr'>inisse,</span> <span class='ocrx_word' id='word_1_78' title='bbox 1106 1766 1147 1827; x_wconf 86' lang='lat' dir='ltr'>ef.</span> 
     </span>
     <span class='ocr_line' id='line_1_11' title="bbox 122 1879 1145 1967; baseline -0.001 -22"><span class='ocrx_word' id='word_1_79' title='bbox 122 1886 146 1960; x_wconf 93' lang='lat' dir='ltr'>l,</span> <span class='ocrx_word' id='word_1_80' title='bbox 168 1889 198 1959; x_wconf 82' lang='lat'>3,</span> <span class='ocrx_word' id='word_1_81' title='bbox 220 1888 261 1943; x_wconf 89' lang='lat' dir='ltr'>1e</span> <span class='ocrx_word' id='word_1_82' title='bbox 283 1901 369 1965; x_wconf 87' lang='lat' dir='ltr'>sqq,</span> <span class='ocrx_word' id='word_1_83' title='bbox 393 1879 525 1943; x_wconf 77' lang='lat' dir='ltr'>similem</span> <span class='ocrx_word' id='word_1_84' title='bbox 548 1881 639 1943; x_wconf 87' lang='lat' dir='ltr'>etiam</span> <span class='ocrx_word' id='word_1_85' title='bbox 659 1881 694 1943; x_wconf 91' lang='lat' dir='ltr'>in</span> <span class='ocrx_word' id='word_1_86' title='bbox 715 1882 775 1944; x_wconf 86' lang='lat' dir='ltr'>hoc</span> <span class='ocrx_word' id='word_1_87' title='bbox 798 1883 936 1945; x_wconf 87' lang='lat' dir='ltr'>Tibullo.</span> <span class='ocrx_word' id='word_1_88' title='bbox 977 1883 1081 1967; x_wconf 84' lang='lat' dir='ltr'>Atque</span> <span class='ocrx_word' id='word_1_89' title='bbox 1102 1882 1145 1944; x_wconf 86' lang='lat' dir='ltr'>ita</span> 
     </span>
     <span class='ocr_line' id='line_1_12' title="bbox 122 1993 1145 2082; baseline -0.003 -22"><span class='ocrx_word' id='word_1_90' title='bbox 122 1999 242 2082; x_wconf 83' lang='lat' dir='ltr'>iactum</span> <span class='ocrx_word' id='word_1_91' title='bbox 264 2009 302 2059; x_wconf 88' lang='lat' dir='ltr'>ut</span> <span class='ocrx_word' id='word_1_92' title='bbox 320 1999 434 2078; x_wconf 84' lang='lat' dir='ltr'>plenae</span> <span class='ocrx_word' id='word_1_93' title='bbox 463 1996 525 2057; x_wconf 86' lang='lat' dir='ltr'>sint</span> <span class='ocrx_word' id='word_1_94' title='bbox 552 1995 611 2057; x_wconf 89' lang='lat' dir='ltr'>hae</span> <span class='ocrx_word' id='word_1_95' title='bbox 642 1996 756 2073; x_wconf 81' lang='lat' dir='ltr'>elegiae</span> <span class='ocrx_word' id='word_1_96' title='bbox 787 1993 1048 2076; x_wconf 86' lang='lat' dir='ltr'>descriptionibus</span> <span class='ocrx_word' id='word_1_97' title='bbox 1071 1997 1145 2058; x_wconf 90' lang='lat' dir='ltr'>reli-</span> 
     </span>
    </p>
   </div>
   <div class='ocr_carea' id='block_1_5' title="bbox 116 2109 1146 2655">
    <p class='ocr_par' dir='ltr' id='par_1_5' title="bbox 116 2109 1146 2655">
     <span class='ocr_line' id='line_1_13' title="bbox 120 2109 1144 2195; baseline 0.001 -20"><span class='ocrx_word' id='word_1_98' title='bbox 120 2113 235 2194; x_wconf 84' lang='lat' dir='ltr'>giosis,</span> <span class='ocrx_word' id='word_1_99' title='bbox 265 2134 401 2195; x_wconf 87' lang='lat' dir='ltr'>quarum</span> <span class='ocrx_word' id='word_1_100' title='bbox 429 2109 582 2193; x_wconf 83' lang='lat' dir='ltr'>quaedam</span> <span class='ocrx_word' id='word_1_101' title='bbox 612 2112 638 2174; x_wconf 90' lang='lat' dir='ltr'>si</span> <span class='ocrx_word' id='word_1_102' title='bbox 667 2110 807 2174; x_wconf 87' lang='lat' dir='ltr'>taedium</span> <span class='ocrx_word' id='word_1_103' title='bbox 836 2112 954 2176; x_wconf 86' lang='lat' dir='ltr'>faciunt</span> <span class='ocrx_word' id='word_1_104' title='bbox 984 2115 1144 2176; x_wconf 76' lang='lat' dir='ltr'>nonnullis</span> 
     </span>
     <span class='ocr_line' id='line_1_14' title="bbox 120 2227 1146 2311; baseline -0.002 -19"><span class='ocrx_word' id='word_1_105' title='bbox 120 2228 375 2311; x_wconf 79' lang='lat' dir='ltr'>superstitionem</span> <span class='ocrx_word' id='word_1_106' title='bbox 403 2227 562 2290; x_wconf 77' lang='lat' dir='ltr'>faetirliose</span> <span class='ocrx_word' id='word_1_107' title='bbox 589 2227 878 2302; x_wconf 86' lang='lat' dir='ltr'>contemnentibus,</span> <span class='ocrx_word' id='word_1_108' title='bbox 909 2247 965 2306; x_wconf 81' lang='lat' dir='ltr'>ego</span> <span class='ocrx_word' id='word_1_109' title='bbox 986 2229 1077 2290; x_wconf 88' lang='lat' dir='ltr'>aliter</span> <span class='ocrx_word' id='word_1_110' title='bbox 1096 2227 1146 2290; x_wconf 91' lang='lat' dir='ltr'>iu·</span> 
     </span>
     <span class='ocr_line' id='line_1_15' title="bbox 119 2339 1145 2425; baseline 0 -20"><span class='ocrx_word' id='word_1_111' title='bbox 119 2343 209 2420; x_wconf 85' lang='lat' dir='ltr'>dico,</span> <span class='ocrx_word' id='word_1_112' title='bbox 245 2343 302 2425; x_wconf 91' lang='lat' dir='ltr'>qui</span> <span class='ocrx_word' id='word_1_113' title='bbox 334 2340 428 2402; x_wconf 87' lang='lat' dir='ltr'>etiam</span> <span class='ocrx_word' id='word_1_114' title='bbox 456 2342 507 2402; x_wconf 88' lang='lat' dir='ltr'>hic</span> <span class='ocrx_word' id='word_1_115' title='bbox 538 2340 669 2402; x_wconf 90' lang='lat' dir='ltr'>numine</span> <span class='ocrx_word' id='word_1_116' title='bbox 697 2339 827 2421; x_wconf 89' lang='lat' dir='ltr'>plenum</span> <span class='ocrx_word' id='word_1_117' title='bbox 858 2339 997 2402; x_wconf 90' lang='lat' dir='ltr'>animum</span> <span class='ocrx_word' id='word_1_118' title='bbox 1027 2340 1145 2405; x_wconf 84' lang='lat' dir='ltr'>Tibulli</span> 
     </span>
     <span class='ocr_line' id='line_1_16' title="bbox 119 2456 1143 2538; baseline 0.002 -20"><span class='ocrx_word' id='word_1_119' title='bbox 119 2466 302 2538; x_wconf 65' lang='lat' dir='ltr'>(ignom,</span> <span class='ocrx_word' id='word_1_120' title='bbox 330 2457 486 2536; x_wconf 88' lang='lat' dir='ltr'>poeticam</span> <span class='ocrx_word' id='word_1_121' title='bbox 516 2468 619 2519; x_wconf 88' lang='lat' dir='ltr'>autem</span> <span class='ocrx_word' id='word_1_122' title='bbox 648 2456 714 2521; x_wconf 80' lang='lat' dir='ltr'>vim</span> <span class='ocrx_word' id='word_1_123' title='bbox 740 2458 855 2520; x_wconf 77' lang='lat' dir='ltr'>barram</span> <span class='ocrx_word' id='word_1_124' title='bbox 883 2476 990 2520; x_wconf 88' lang='lat' dir='ltr'>rerum</span> <span class='ocrx_word' id='word_1_125' title='bbox 1020 2456 1143 2522; x_wconf 81' lang='lat' dir='ltr'>videam</span> 
     </span>
     <span class='ocr_line' id='line_1_17' title="bbox 116 2568 394 2655; baseline -0.004 -20"><span class='ocrx_word' id='word_1_126' title='bbox 116 2595 186 2637; x_wconf 90' lang='lat' dir='ltr'>non</span> <span class='ocrx_word' id='word_1_127' title='bbox 207 2592 349 2655; x_wconf 82' lang='lat' dir='ltr'>parvam.</span> <span class='ocrx_word' id='word_1_128' title='bbox 364 2568 394 2654; x_wconf 74' lang='lat'>*)</span> 
     </span>
    </p>
   </div>
   <div class='ocr_carea' id='block_1_6' title="bbox 363 2718 405 2731">
    <p class='ocr_par' dir='ltr' id='par_1_6' title="bbox 363 2718 405 2731">
     <span class='ocr_line' id='line_1_18' title="bbox 363 2718 405 2731; baseline 0 -2"><span class='ocrx_word' id='word_1_129' title='bbox 363 2718 405 2731; x_wconf 59' lang='lat' dir='ltr'>aa</span> 
     </span>
    </p>
   </div>
   <div class='ocr_carea' id='block_1_7' title="bbox 103 2781 1143 4367">
    <p class='ocr_par' dir='ltr' id='par_1_7' title="bbox 103 2781 1143 4367">
     <span class='ocr_line' id='line_1_19' title="bbox 110 2781 1141 2855; baseline -0.003 -14"><span class='ocrx_word' id='word_1_130' title='bbox 110 2806 113 2810; x_wconf 94' lang='lat'>·</span> <span class='ocrx_word' id='word_1_131' title='bbox 188 2788 216 2855; x_wconf 81' lang='grc'>·)</span> <span class='ocrx_word' id='word_1_132' title='bbox 232 2787 325 2840; x_wconf 83' lang='lat' dir='ltr'>blirari</span> <span class='ocrx_word' id='word_1_133' title='bbox 342 2784 475 2855; x_wconf 68' lang='lat' dir='ltr'>satiquoa</span> <span class='ocrx_word' id='word_1_134' title='bbox 491 2798 604 2852; x_wconf 83' lang='lat' dir='ltr'>possum,</span> <span class='ocrx_word' id='word_1_135' title='bbox 624 2784 685 2850; x_wconf 88' lang='lat' dir='ltr'>quid</span> <span class='ocrx_word' id='word_1_136' title='bbox 704 2781 827 2835; x_wconf 78' lang='lat' dir='ltr'>acciderit</span> <span class='ocrx_word' id='word_1_137' title='bbox 844 2783 985 2848; x_wconf 81' lang='lat' dir='ltr'>Psssorlo,</span> <span class='ocrx_word' id='word_1_138' title='bbox 1005 2784 1060 2837; x_wconf 83' lang='lat' dir='ltr'>vtro</span> <span class='ocrx_word' id='word_1_139' title='bbox 1079 2782 1141 2838; x_wconf 88' lang='lat' dir='ltr'>dom</span> 
     </span>
     <span class='ocr_line' id='line_1_20' title="bbox 114 2871 1143 2940; baseline -0.002 -11"><span class='ocrx_word' id='word_1_140' title='bbox 114 2878 220 2931; x_wconf 73' lang='lat' dir='ltr'>virebat</span> <span class='ocrx_word' id='word_1_141' title='bbox 244 2875 360 2929; x_wconf 78' lang='lat' dir='ltr'>secanti</span> <span class='ocrx_word' id='word_1_142' title='bbox 386 2872 489 2933; x_wconf 88' lang='lat' dir='ltr'>iudicii,</span> <span class='ocrx_word' id='word_1_143' title='bbox 518 2880 546 2924; x_wconf 89' lang='lat' dir='ltr'>ut</span> <span class='ocrx_word' id='word_1_144' title='bbox 573 2875 599 2924; x_wconf 88' lang='lat' dir='ltr'>in</span> <span class='ocrx_word' id='word_1_145' title='bbox 631 2871 817 2925; x_wconf 81' lang='lat' dir='ltr'>Dissertatiooe</span> <span class='ocrx_word' id='word_1_146' title='bbox 843 2871 876 2923; x_wconf 93' lang='lat' dir='ltr'>de</span> <span class='ocrx_word' id='word_1_147' title='bbox 902 2873 1062 2940; x_wconf 86' lang='lat' dir='ltr'>temporibus</span> <span class='ocrx_word' id='word_1_148' title='bbox 1088 2875 1143 2927; x_wconf 90' lang='lat' dir='ltr'>ele·</span> 
     </span>
     <span class='ocr_line' id='line_1_21' title="bbox 113 2960 1142 3032; baseline -0.001 -16"><span class='ocrx_word' id='word_1_149' title='bbox 113 2964 215 3030; x_wconf 83' lang='lat' dir='ltr'>giamm</span> <span class='ocrx_word' id='word_1_150' title='bbox 241 2979 321 3032; x_wconf 87' lang='lat' dir='ltr'>supra</span> <span class='ocrx_word' id='word_1_151' title='bbox 352 2962 466 3014; x_wconf 77' lang='lat' dir='ltr'>indicata</span> <span class='ocrx_word' id='word_1_152' title='bbox 506 2976 565 3028; x_wconf 80' lang='lat' dir='ltr'>pag.</span> <span class='ocrx_word' id='word_1_153' title='bbox 591 2963 635 3011; x_wconf 85' lang='lat' dir='ltr'>tl.</span> <span class='ocrx_word' id='word_1_154' title='bbox 667 2963 705 3011; x_wconf 86' lang='lat' dir='ltr'>sio</span> <span class='ocrx_word' id='word_1_155' title='bbox 738 2960 879 3012; x_wconf 84' lang='lat' dir='ltr'>scriberet:</span> <span class='ocrx_word' id='word_1_156' title='bbox 916 2963 1042 3025; x_wconf 71' lang='lat' dir='ltr'>„luimus</span> <span class='ocrx_word' id='word_1_157' title='bbox 1069 2964 1142 3028; x_wconf 88' lang='lat' dir='ltr'>leuis,</span> 
     </span>
     <span class='ocr_line' id='line_1_22' title="bbox 112 3048 1143 3118; baseline -0.005 -11"><span class='ocrx_word' id='word_1_158' title='bbox 112 3055 290 3118; x_wconf 57' lang='lat' dir='ltr'>„benevolum</span> <span class='ocrx_word' id='word_1_159' title='bbox 327 3051 361 3104; x_wconf 88' lang='lat' dir='ltr'>ad</span> <span class='ocrx_word' id='word_1_160' title='bbox 387 3052 455 3103; x_wconf 86' lang='lat' dir='ltr'>ruris</span> <span class='ocrx_word' id='word_1_161' title='bbox 486 3049 581 3116; x_wconf 75' lang='lat' dir='ltr'>gaudia</span> <span class='ocrx_word' id='word_1_162' title='bbox 612 3063 756 3115; x_wconf 87' lang='lat' dir='ltr'>propensus</span> <span class='ocrx_word' id='word_1_163' title='bbox 780 3048 936 3114; x_wconf 78' lang='lat' dir='ltr'>insignisque</span> <span class='ocrx_word' id='word_1_164' title='bbox 956 3066 1019 3116; x_wconf 80' lang='lat' dir='ltr'>erga</span> <span class='ocrx_word' id='word_1_165' title='bbox 1046 3051 1143 3118; x_wconf 85' lang='lat' dir='ltr'>patrios</span> 
     </span>
     <span class='ocr_line' id='line_1_23' title="bbox 111 3135 1142 3215; baseline -0.006 -16"><span class='ocrx_word' id='word_1_166' title='bbox 111 3145 195 3212; x_wconf 84' lang='lat' dir='ltr'>„deos</span> <span class='ocrx_word' id='word_1_167' title='bbox 223 3147 308 3215; x_wconf 83' lang='lat' dir='ltr'>pietas</span> <span class='ocrx_word' id='word_1_168' title='bbox 335 3147 470 3196; x_wconf 78' lang='lat' dir='ltr'>cesserunt</span> <span class='ocrx_word' id='word_1_169' title='bbox 496 3141 600 3193; x_wconf 86' lang='lat' dir='ltr'>insanae</span> <span class='ocrx_word' id='word_1_170' title='bbox 634 3135 810 3190; x_wconf 82' lang='lat' dir='ltr'>vehementiae</span> <span class='ocrx_word' id='word_1_171' title='bbox 842 3138 1028 3205; x_wconf 85' lang='lat' dir='ltr'>impotentiqne</span> <span class='ocrx_word' id='word_1_172' title='bbox 1052 3140 1142 3206; x_wconf 79' lang='lat' dir='ltr'>sorori,</span> 
     </span>
     <span class='ocr_line' id='line_1_24' title="bbox 110 3224 1142 3301; baseline -0.009 -15"><span class='ocrx_word' id='word_1_173' title='bbox 110 3234 224 3301; x_wconf 86' lang='lat' dir='ltr'>„quibus</span> <span class='ocrx_word' id='word_1_174' title='bbox 247 3233 282 3286; x_wconf 89' lang='lat' dir='ltr'>ad</span> <span class='ocrx_word' id='word_1_175' title='bbox 300 3238 429 3290; x_wconf 64' lang='lat' dir='ltr'>extrema</span> <span class='ocrx_word' id='word_1_176' title='bbox 452 3242 570 3296; x_wconf 86' lang='lat' dir='ltr'>quaeque</span> <span class='ocrx_word' id='word_1_177' title='bbox 589 3226 672 3293; x_wconf 87' lang='lat' dir='ltr'>abripi</span> <span class='ocrx_word' id='word_1_178' title='bbox 697 3240 727 3277; x_wconf 89' lang='lat' dir='ltr'>se</span> <span class='ocrx_word' id='word_1_179' title='bbox 753 3224 900 3293; x_wconf 87' lang='lat' dir='ltr'>patiebatur</span> <span class='ocrx_word' id='word_1_180' title='bbox 922 3224 950 3274; x_wconf 83' lang='lat' dir='ltr'>in</span> <span class='ocrx_word' id='word_1_181' title='bbox 971 3226 1041 3277; x_wconf 75' lang='lat' dir='ltr'>omiti</span> <span class='ocrx_word' id='word_1_182' title='bbox 1061 3226 1142 3297; x_wconf 83' lang='lat' dir='ltr'>saci-</span> 
     </span>
     <span class='ocr_line' id='line_1_25' title="bbox 111 3312 1142 3389; baseline -0.006 -15"><span class='ocrx_word' id='word_1_183' title='bbox 111 3340 244 3389; x_wconf 77' lang='lat' dir='ltr'>„norosae</span> <span class='ocrx_word' id='word_1_184' title='bbox 273 3319 347 3373; x_wconf 74' lang='lat' dir='ltr'>artis</span> <span class='ocrx_word' id='word_1_185' title='bbox 373 3317 496 3371; x_wconf 81' lang='lat' dir='ltr'>dedecore</span> <span class='ocrx_word' id='word_1_186' title='bbox 524 3315 666 3368; x_wconf 82' lang='lat' dir='ltr'>volutatus</span> <span class='ocrx_word' id='word_1_187' title='bbox 694 3313 900 3380; x_wconf 80' lang='lat' dir='ltr'>foedissimisque</span> <span class='ocrx_word' id='word_1_188' title='bbox 934 3312 1037 3368; x_wconf 86' lang='lat' dir='ltr'>deditus</span> <span class='ocrx_word' id='word_1_189' title='bbox 1061 3315 1142 3370; x_wconf 82' lang='lat' dir='ltr'>salsae</span> 
     </span>
     <span class='ocr_line' id='line_1_26' title="bbox 109 3404 1141 3480; baseline -0.006 -15"><span class='ocrx_word' id='word_1_190' title='bbox 109 3413 264 3479; x_wconf 80' lang='lat' dir='ltr'>„religionis</span> <span class='ocrx_word' id='word_1_191' title='bbox 304 3405 557 3480; x_wconf 76' lang='lat' dir='ltr'>superstitionibus.“</span> <span class='ocrx_word' id='word_1_192' title='bbox 604 3405 708 3459; x_wconf 87' lang='lat' dir='ltr'>Laudat</span> <span class='ocrx_word' id='word_1_193' title='bbox 733 3404 760 3469; x_wconf 91' lang='lat' dir='ltr'>l,</span> <span class='ocrx_word' id='word_1_194' title='bbox 787 3410 820 3470; x_wconf 74' lang='lat'>2,</span> <span class='ocrx_word' id='word_1_195' title='bbox 844 3407 952 3458; x_wconf 71' lang='lat' dir='ltr'>att-oo.</span> <span class='ocrx_word' id='word_1_196' title='bbox 981 3409 1012 3472; x_wconf 82' lang='grc'>6,</span> <span class='ocrx_word' id='word_1_197' title='bbox 1031 3409 1141 3461; x_wconf 80' lang='lat' dir='ltr'>ta-ss.</span> 
     </span>
     <span class='ocr_line' id='line_1_27' title="bbox 108 3492 1139 3564; baseline -0.001 -12"><span class='ocrx_word' id='word_1_198' title='bbox 108 3504 253 3564; x_wconf 72' lang='lat'>⁵,9-16.</span> <span class='ocrx_word' id='word_1_199' title='bbox 308 3499 407 3552; x_wconf 82' lang='lat' dir='ltr'>Credas</span> <span class='ocrx_word' id='word_1_200' title='bbox 433 3497 467 3550; x_wconf 87' lang='lat' dir='ltr'>de</span> <span class='ocrx_word' id='word_1_201' title='bbox 491 3495 657 3564; x_wconf 83' lang='lat' dir='ltr'>spurcissimo</span> <span class='ocrx_word' id='word_1_202' title='bbox 683 3492 785 3546; x_wconf 85' lang='lat' dir='ltr'>bomine</span> <span class='ocrx_word' id='word_1_203' title='bbox 814 3493 885 3561; x_wconf 86' lang='lat' dir='ltr'>loqui</span> <span class='ocrx_word' id='word_1_204' title='bbox 912 3496 994 3548; x_wconf 81' lang='lat' dir='ltr'>virum</span> <span class='ocrx_word' id='word_1_205' title='bbox 1027 3497 1139 3551; x_wconf 86' lang='lat' dir='ltr'>doctum.</span> 
     </span>
     <span class='ocr_line' id='line_1_28' title="bbox 109 3581 1138 3657; baseline -0.004 -15"><span class='ocrx_word' id='word_1_206' title='bbox 109 3592 146 3642; x_wconf 81' lang='lat' dir='ltr'>st</span> <span class='ocrx_word' id='word_1_207' title='bbox 174 3606 254 3657; x_wconf 88' lang='lat' dir='ltr'>qoam</span> <span class='ocrx_word' id='word_1_208' title='bbox 281 3589 392 3643; x_wconf 82' lang='lat' dir='ltr'>iniuste!</span> <span class='ocrx_word' id='word_1_209' title='bbox 438 3587 499 3655; x_wconf 87' lang='lat' dir='ltr'>lpse</span> <span class='ocrx_word' id='word_1_210' title='bbox 526 3585 604 3637; x_wconf 78' lang='lat' dir='ltr'>affert</span> <span class='ocrx_word' id='word_1_211' title='bbox 624 3581 730 3636; x_wconf 85' lang='lat' dir='ltr'>Goetbii</span> <span class='ocrx_word' id='word_1_212' title='bbox 757 3584 839 3637; x_wconf 87' lang='lat' dir='ltr'>nostri</span> <span class='ocrx_word' id='word_1_213' title='bbox 866 3584 945 3637; x_wconf 85' lang='lat' dir='ltr'>rerba</span> <span class='ocrx_word' id='word_1_214' title='bbox 973 3585 1040 3652; x_wconf 76' lang='lat' dir='ltr'>eleg.</span> <span class='ocrx_word' id='word_1_215' title='bbox 1060 3587 1138 3638; x_wconf 87' lang='lat' dir='ltr'>Rom.</span> 
     </span>
     <span class='ocr_line' id='line_1_29' title="bbox 109 3675 691 3741; baseline -0.002 -13"><span class='ocrx_word' id='word_1_216' title='bbox 109 3675 157 3741; x_wconf 81' lang='lat' dir='ltr'>lv,</span> <span class='ocrx_word' id='word_1_217' title='bbox 177 3682 209 3731; x_wconf 76' lang='lat' dir='ltr'>la</span> <span class='ocrx_word' id='word_1_218' title='bbox 683 3719 691 3727; x_wconf 77' lang='grc'><strong><em>,</em></strong></span> 
     </span>
     <span class='ocr_line' id='line_1_30' title="bbox 182 3756 1124 3828; baseline -0.005 -9"><span class='ocrx_word' id='word_1_219' title='bbox 182 3766 289 3820; x_wconf 81' lang='lat' dir='ltr'>Fromm</span> <span class='ocrx_word' id='word_1_220' title='bbox 310 3764 368 3818; x_wconf 86' lang='lat' dir='ltr'>sind</span> <span class='ocrx_word' id='word_1_221' title='bbox 386 3756 433 3817; x_wconf 84' lang='lat' dir='ltr'>wir</span> <span class='ocrx_word' id='word_1_222' title='bbox 450 3762 601 3828; x_wconf 88' lang='lat' dir='ltr'>Liebeude,</span> <span class='ocrx_word' id='word_1_223' title='bbox 626 3763 677 3815; x_wconf 90' lang='lat' dir='ltr'>still</span> <span class='ocrx_word' id='word_1_224' title='bbox 695 3758 821 3815; x_wconf 84' lang='lat' dir='ltr'>verelrren</span> <span class='ocrx_word' id='word_1_225' title='bbox 839 3760 886 3813; x_wconf 85' lang='lat' dir='ltr'>wir</span> <span class='ocrx_word' id='word_1_226' title='bbox 909 3761 959 3812; x_wconf 85' lang='lat' dir='ltr'>alte</span> <span class='ocrx_word' id='word_1_227' title='bbox 977 3759 1124 3814; x_wconf 81' lang='lat' dir='ltr'>bimones.</span> 
     </span>
     <span class='ocr_line' id='line_1_31' title="bbox 107 3849 1138 3920; baseline -0.002 -14"><span class='ocrx_word' id='word_1_228' title='bbox 107 3854 180 3906; x_wconf 76' lang='lat' dir='ltr'>Sane</span> <span class='ocrx_word' id='word_1_229' title='bbox 199 3868 290 3920; x_wconf 82' lang='lat' dir='ltr'>sagam</span> <span class='ocrx_word' id='word_1_230' title='bbox 307 3853 363 3906; x_wconf 84' lang='lat' dir='ltr'>adit</span> <span class='ocrx_word' id='word_1_231' title='bbox 376 3852 497 3904; x_wconf 72' lang='lat' dir='ltr'>&#39;libellos</span> <span class='ocrx_word' id='word_1_232' title='bbox 515 3858 542 3905; x_wconf 89' lang='lat' dir='ltr'>et</span> <span class='ocrx_word' id='word_1_233' title='bbox 556 3851 682 3903; x_wconf 84' lang='lat' dir='ltr'>Bellonae</span> <span class='ocrx_word' id='word_1_234' title='bbox 701 3850 863 3903; x_wconf 81' lang='lat' dir='ltr'>sacerdotem</span> <span class='ocrx_word' id='word_1_235' title='bbox 876 3855 903 3901; x_wconf 91' lang='lat' dir='ltr'>et</span> <span class='ocrx_word' id='word_1_236' title='bbox 921 3849 1014 3900; x_wconf 78' lang='lat' dir='ltr'>lantrat</span> <span class='ocrx_word' id='word_1_237' title='bbox 1026 3849 1138 3916; x_wconf 86' lang='lat' dir='ltr'>puellam</span> 
     </span>
     <span class='ocr_line' id='line_1_32' title="bbox 106 3937 1139 4007; baseline -0.001 -13"><span class='ocrx_word' id='word_1_238' title='bbox 106 3949 291 4007; x_wconf 74' lang='lat' dir='ltr'>aegrotantem</span> <span class='ocrx_word' id='word_1_239' title='bbox 317 3941 431 3997; x_wconf 87' lang='lat' dir='ltr'>adbibita</span> <span class='ocrx_word' id='word_1_240' title='bbox 456 3956 548 4007; x_wconf 77' lang='lat' dir='ltr'>maga,</span> <span class='ocrx_word' id='word_1_241' title='bbox 578 3939 626 3995; x_wconf 87' lang='lat' dir='ltr'>sed</span> <span class='ocrx_word' id='word_1_242' title='bbox 643 3937 773 4005; x_wconf 89' lang='lat' dir='ltr'>quomodo</span> <span class='ocrx_word' id='word_1_243' title='bbox 802 3937 923 4006; x_wconf 79' lang='lat' dir='ltr'>probabis</span> <span class='ocrx_word' id='word_1_244' title='bbox 950 3937 1010 3990; x_wconf 88' lang='lat' dir='ltr'>iude</span> <span class='ocrx_word' id='word_1_245' title='bbox 1036 3947 1139 4006; x_wconf 90' lang='lat' dir='ltr'>poetam</span> 
     </span>
     <span class='ocr_line' id='line_1_33' title="bbox 106 4028 1138 4100; baseline 0.005 -19"><span class='ocrx_word' id='word_1_246' title='bbox 106 4031 216 4082; x_wconf 79' lang='lat' dir='ltr'>exuisse</span> <span class='ocrx_word' id='word_1_247' title='bbox 232 4032 359 4100; x_wconf 87' lang='lat' dir='ltr'>pietatem</span> <span class='ocrx_word' id='word_1_248' title='bbox 377 4047 441 4098; x_wconf 76' lang='lat' dir='ltr'>erga</span> <span class='ocrx_word' id='word_1_249' title='bbox 458 4033 555 4100; x_wconf 87' lang='lat' dir='ltr'>patrios</span> <span class='ocrx_word' id='word_1_250' title='bbox 570 4030 634 4082; x_wconf 90' lang='lat' dir='ltr'>deos</span> <span class='ocrx_word' id='word_1_251' title='bbox 653 4035 680 4081; x_wconf 91' lang='lat' dir='ltr'>et</span> <span class='ocrx_word' id='word_1_252' title='bbox 696 4028 823 4080; x_wconf 87' lang='lat' dir='ltr'>abiecisse</span> <span class='ocrx_word' id='word_1_253' title='bbox 840 4043 931 4080; x_wconf 85' lang='lat' dir='ltr'>sensus</span> <span class='ocrx_word' id='word_1_254' title='bbox 948 4029 1065 4097; x_wconf 82' lang='lat' dir='ltr'>priores,</span> <span class='ocrx_word' id='word_1_255' title='bbox 1094 4035 1138 4099; x_wconf 87' lang='lat' dir='ltr'>qui</span> 
     </span>
     <span class='ocr_line' id='line_1_34' title="bbox 108 4115 1138 4188; baseline 0 -16"><span class='ocrx_word' id='word_1_256' title='bbox 108 4127 205 4188; x_wconf 84' lang='lat' dir='ltr'>postea</span> <span class='ocrx_word' id='word_1_257' title='bbox 234 4121 260 4172; x_wconf 90' lang='lat' dir='ltr'>io</span> <span class='ocrx_word' id='word_1_258' title='bbox 279 4121 395 4173; x_wconf 85' lang='lat' dir='ltr'>seeundo</span> <span class='ocrx_word' id='word_1_259' title='bbox 423 4121 488 4172; x_wconf 86' lang='lat' dir='ltr'>libre</span> <span class='ocrx_word' id='word_1_260' title='bbox 512 4125 631 4188; x_wconf 79' lang='lat' dir='ltr'>agrestes</span> <span class='ocrx_word' id='word_1_261' title='bbox 657 4117 720 4170; x_wconf 89' lang='lat' dir='ltr'>deos</span> <span class='ocrx_word' id='word_1_262' title='bbox 737 4123 764 4171; x_wconf 87' lang='lat' dir='ltr'>et</span> <span class='ocrx_word' id='word_1_263' title='bbox 786 4118 898 4170; x_wconf 86' lang='lat' dir='ltr'>rusticae</span> <span class='ocrx_word' id='word_1_264' title='bbox 921 4115 989 4170; x_wconf 83' lang='lat' dir='ltr'>ritas</span> <span class='ocrx_word' id='word_1_265' title='bbox 1015 4118 1138 4187; x_wconf 88' lang='lat' dir='ltr'>simplici-</span> 
     </span>
     <span class='ocr_line' id='line_1_35' title="bbox 105 4205 1140 4278; baseline 0.002 -19"><span class='ocrx_word' id='word_1_266' title='bbox 105 4215 189 4260; x_wconf 83' lang='lat' dir='ltr'>tatem</span> <span class='ocrx_word' id='word_1_267' title='bbox 216 4210 312 4262; x_wconf 85' lang='lat' dir='ltr'>seeiait</span> <span class='ocrx_word' id='word_1_268' title='bbox 336 4207 523 4278; x_wconf 74' lang='lat' dir='ltr'>pulcherrime!</span> <span class='ocrx_word' id='word_1_269' title='bbox 560 4207 676 4261; x_wconf 85' lang='lat' dir='ltr'>Verbum</span> <span class='ocrx_word' id='word_1_270' title='bbox 700 4222 752 4261; x_wconf 85' lang='lat' dir='ltr'>aea</span> <span class='ocrx_word' id='word_1_271' title='bbox 779 4205 856 4259; x_wconf 83' lang='lat' dir='ltr'>addo.</span> <span class='ocrx_word' id='word_1_272' title='bbox 900 4205 1002 4276; x_wconf 82' lang='lat' dir='ltr'>Nempe</span> <span class='ocrx_word' id='word_1_273' title='bbox 1027 4223 1140 4276; x_wconf 74' lang='lat' dir='ltr'>genero-</span> 
     </span>
     <span class='ocr_line' id='line_1_36' title="bbox 103 4295 1139 4367; baseline -0.002 -17"><span class='ocrx_word' id='word_1_274' title='bbox 103 4301 162 4351; x_wconf 81' lang='lat' dir='ltr'>sior</span> <span class='ocrx_word' id='word_1_275' title='bbox 181 4300 283 4353; x_wconf 86' lang='lat' dir='ltr'>animus</span> <span class='ocrx_word' id='word_1_276' title='bbox 301 4301 378 4353; x_wconf 84' lang='lat' dir='ltr'>etism</span> <span class='ocrx_word' id='word_1_277' title='bbox 397 4299 593 4367; x_wconf 83' lang='lat' dir='ltr'>superstitiones</span> <span class='ocrx_word' id='word_1_278' title='bbox 611 4298 689 4364; x_wconf 79' lang='lat' dir='ltr'>vulgi,</span> <span class='ocrx_word' id='word_1_279' title='bbox 710 4300 731 4352; x_wconf 87' lang='lat' dir='ltr'>si</span> <span class='ocrx_word' id='word_1_280' title='bbox 751 4296 849 4361; x_wconf 86' lang='lat' dir='ltr'>eredit,</span> <span class='ocrx_word' id='word_1_281' title='bbox 868 4295 901 4349; x_wconf 89' lang='lat' dir='ltr'>ad</span> <span class='ocrx_word' id='word_1_282' title='bbox 920 4296 1014 4350; x_wconf 86' lang='lat' dir='ltr'>altiora</span> <span class='ocrx_word' id='word_1_283' title='bbox 1033 4305 1139 4349; x_wconf 79' lang='lat' dir='ltr'>revocat</span> 
     </span>
    </p>
   </div>
   <div class='ocr_carea' id='block_1_8' title="bbox 0 0 1238 4838">
    <p class='ocr_par' dir='ltr' id='par_1_8' title="bbox 0 0 1238 4838">
     <span class='ocr_line' id='line_1_37' title="bbox 0 0 1238 4838; baseline 0 6"><span class='ocrx_word' id='word_1_284' title='bbox 0 0 1238 4838; x_wconf 95' lang='lat' dir='ltr'> </span> 
     </span>
    </p>
   </div>
  </div>
 </body>
</html>
