2468 4838
753 360 759 371 ι

532 595 715 664 TIBULLI.
1062 619 1141 663 xxtx

104 773 180 837 Non
198 772 321 837 melius
334 768 368 849 li,
387 768 443 855 qui
461 754 571 834 contra*
585 771 734 839 Ovidium
750 783 890 838 statuunt
902 773 1029 838 tertium
1048 796 1137 839 nmo·

104 910 173 955 rem
193 890 262 952 hoc
284 886 369 949 libro
392 906 411 947 a
431 886 560 951 Tibullo
585 900 757 968 cantatum,
791 901 823 952 et
843 890 979 954 Baebius
1009 892 1136 976 quidem

108 1019 179 1069 ants
207 1001 354 1068 carmina
382 1000 476 1082 primi
500 1001 574 1064 libri
601 1015 727 1084 poetam
752 1002 821 1067 vult
848 1001 887 1066 ds
908 1005 968 1068 hoc
990 1006 1136 1086 canogio

111 1121 280 1201 cogitasse,
297 1114 435 1178 uidimus
457 1126 561 1177 eutem
583 1115 713 1196 elegiam
729 1113 882 1181 decimam
899 1117 989 1181 istius
1002 1118 1077 1182 libri
1094 1123 1135 1185 ab

111 1233 310 1299 adolescente
327 1231 457 1294 Tibullo
474 1231 534 1294 scri
650 1244 781 1295 nentem
803 1233 969 1296 militarem
989 1236 1137 1315 ingresso,

115 1359 186 1411 ante
205 1343 296 1431 prod
318 1358 442 1427 tempus
462 1366 524 1427 pue
668 1346 756 1409 llaec
776 1357 872 1431 atque
892 1347 966 1409 talia
986 1348 1138 1412 continuo

115 1465 241 1529 obiicias
261 1463 315 1540 iis,
349 1462 406 1546 qui
431 1463 550 1525 Tibulli
578 1474 712 1526 emaum
740 1461 849 1527 dicunt
874 1465 1046 1545 Neaeram3
1081 1464 1137 1529 sed

114 1601 178 1644 non
198 1578 251 1642 bis
272 1577 350 1640 solis
373 1596 428 1639 eos
456 1577 645 1640 refutamus:
674 1576 855 1656 grauissima
877 1591 1059 1659 argumenta
1086 1581 1137 1642 ol-

114 1699 173 1760 lert
194 1681 418 1758 dissimilitudo
445 1694 608 1755 manifesto
635 1712 783 1774 poeseos,
818 1695 851 1756 h.
872 1717 900 1758 e.
928 1694 1051 1759 diversa
1078 1694 1136 1773 vis,

114 1813 263 1887 inventio,
283 1810 478 1894 compositio,
501 1809 643 1887 elocutio,
667 1831 762 1893 quam
777 1832 843 1873 rem
862 1831 920 1891 ego
938 1811 972 1873 in
993 1813 1136 1895 sequenti

116 1926 332 1993 dissertatione
358 1924 541 2007 explicatius
568 1944 757 2007 persequar,
790 1945 885 2007 quam
914 1936 986 1987 ente
1010 1945 1061 1986 me
1090 1938 1137 1988 est

115 2042 242 2103 iactttm.
284 2039 334 2101 tbi
354 2038 450 2119 igitur
467 2039 566 2101 lector
589 2051 690 2100 cetera
710 2038 850 2101 inveniet
874 2037 913 2100 ad
935 2039 1017 2101 banc
1038 2059 1136 2123 quae-

116 2157 247 2219 stionem
269 2151 468 2235 pertinentia.
518 2152 621 2235 Atque
651 2150 759 2214 eadem
780 2154 857 2215 haec
882 2173 963 2236 quae
984 2151 1051 2215 dixi
1072 2153 1135 2217 dis·

117 2270 245 2335 erinna
265 2266 472 2346 inventionis,
502 2265 751 2348 compositionis,
772 2266 955 2329 elocutionis
977 2268 1070 2329 etiam
1091 2271 1137 2329 al·

118 2385 171 2447 teri
199 2383 346 2466 opinioni
368 2384 490 2445 obstant
511 2380 630 2463 Vulpio
657 2394 695 2443 et'
708 2382 873 2445 Huschkio
901 2384 1049 2465 placitae,
1079 2385 1135 2467 qui

118 2502 277 2564 libttllum
300 2498 392 2560 amici
413 2494 574 2560 cuiusdam
594 2495 749 2579 Lygdami
775 2518 897 2562 amores
926 2497 1059 2562 creduut
1086 2499 1136 2563 his

119 2614 217 2699 elegiis
238 2614 399 2678 cecinisse.
440 2612 585 2674 Tibullus
607 2613 695 2674 nullo
721 2612 816 2676 modo
845 2626 955 2677 auctor
983 2634 1049 2676 esse
1077 2637 1137 2696 po·

119 2733 190 2809 tuit,
221 2727 379 2815 quidquid
406 2727 512 2809 lingas.
565 2724 659 2802 Quod
690 2748 761 2790 cum
791 2728 921 2791 sentiret
949 2730 999 2793 vir
1027 2727 1135 2793 doctus

119 2846 255 2926 oetete,
276 2848 310 2909 iu
330 2845 491 2929 gymnasio
512 2843 757 2928 Aquisgrariensi
777 2844 883 2909 literas
904 2847 1049 2931 antiquas
1070 2861 1135 2910 tra·

121 2959 200 3039 dens,
222 2981 326 3041 nuper
343 2960 378 3019 in
398 2969 626 3040 programmate
648 2959 829 3024 scholastico
852 2968 1034 3024 ann.1832.
1059 2985 1136 3044 pro·

119 3079 189 3140 bare
204 3075 327 3139 studuit
342 3073 482 3137 Cassium
497 3076 697 3136 Par-mensem
714 3088 871 3140 auctorem
887 3079 992 3141 luisse.
1034 3079 1137 3155 Hunc,

121 3215 189 3257 narn
210 3192 372 3274 antiquior
392 3202 467 3268 erat,
489 3209 671 3272 expressum
690 3211 709 3250 a
727 3191 854 3252 Tibullo
872 3194 977 3253 multis
997 3175 1032 3253 in
1052 3196 1137 3268 locis,

122 3308 203 3393 quod
224 3308 340 3388 colligit
367 3326 407 3368 ex
426 3307 534 3370 llorat.
560 3306 660 3387 Epist.
682 3307 705 3382 l,
726 3310 755 3383 4,
779 3312 808 3368 3.
856 3308 921 3369 Vix
943 3322 1048 3372 tanton
1071 3313 1136 3371 cui-

122 3425 315 3507 quambene
345 3419 526 3505 opinionem
555 3420 754 3501 persuaserit.
804 3421 849 3485 Ac
875 3423 1013 3504 primum
1037 3437 1137 3487 mutat

122 3562 198 3604 vers.
219 3535 320 3621 Lygd.
342 3538 395 3611 lll,
418 3541 447 3611 5,
468 3539 519 3597 ts.
540 3534 601 3596 sic:

288 3651 371 3713 Cum
391 3650 483 3712 cessit
504 3649 568 3711 leto
591 3649 700 3711 consul
720 3660 854 3732 uterque
875 3652 953 3733 pari,

123 3767 290 3849 intelligens
310 3786 429 3829 annum
452 3769 524 3825 671.
553 3763 593 3824 ab
620 3763 690 3823 urb.
712 3761 803 3824 cond.
825 3764 882 3824 ubi
906 3764 945 3826 L.
970 3764 1137 3829 Cornelius

126 3878 221 3962 Scipio
243 3894 275 3944 et
297 3879 334 3943 C.
348 3879 458 3941 lunius
475 3877 645 3940 Norbanus
666 3876 753 3940 Coss.
772 3878 867 3959 vique
889 3892 921 3940 et
942 3876 1022 3942 dolis
1041 3884 1080 3943 ab
1101 3884 1137 3948 C.

127 3990 265 4058 Cornelio
287 3994 376 4057 Sulla
397 3995 429 4055 in
452 3993 572 4056 ltaliam
592 4012 721 4055 reverso
745 3991 874 4054 devicti:
907 3993 996 4056 illum
1017 3999 1135 4080 perfide

127 4103 291 4170 deseruisse
314 4108 486 4170 exercitum
502 4104 671 4203 ¹largitione
693 4117 889 4186 corruptum,
910 4108 994 4173 hunc
1014 4114 1136 4193 proelio

128 4220 326 4302 profligatum.
369 4222 439 4285 Hoc
467 4221 560 4301 igitur
585 4240 652 4282 esse
680 4223 780 4283 latum
807 4240 877 4303 par.
924 4222 984 4287 Sed
1008 4246 1048 4285 ne
1076 4228 1137 4288 alia

130 4355 297 4419 opponant,
331 4351 473 4420 apertum
500 4351 544 4400 est
567 4359 596 4400 v.
611 4336 710 4418 satum
732 4338 774 4399 sic
797 4351 827 4400 et
849 4341 882 4401 in
905 4339 959 4400 tali
979 4340 1137 4403 locutione
