2468 4838
410 390 415 401 ,
706 386 709 393 .

156 618 247 665 cxxx
569 593 628 657 DE
648 589 768 661 POESI

159 772 282 859 dqpsm.
324 770 390 834 Iam
414 764 631 851 complectitur
656 766 734 829 baec
761 762 899 846 generali
924 763 1098 829 sententia:
1127 763 1179 828 illa

157 900 244 971 regat
265 900 409 962 cunctos,
437 884 484 947 illi
509 884 573 947 sint
600 881 706 945 omnia
726 901 836 959 curae,
866 894 897 944 el
924 880 1086 960 subiungit
1106 891 1181 942 tuac

157 1004 300 1067 ultimam
327 1011 451 1083 partem
483 1017 608 1060 rerumr
644 993 738 1058 stiam
764 995 893 1076 hospitii
920 993 1024 1057 officia
1047 994 1180 1075 pulchra

157 1129 285 1200 peraget
300 1114 402 1192 Delia,
425 1113 451 1176 si
471 1112 607 1175 Messala
625 1110 757 1188 venerit,
778 1122 810 1172 et
825 1109 947 1173 curabit
966 1109 1052 1172 hunc
1071 1107 1179 1172 sedulo

111 1314 114 1319 .
158 1242 190 1292 et
212 1231 320 1312 epulas
349 1236 488 1309 apponet
508 1236 538 1287 et
559 1245 654 1306 poma
676 1220 715 1285 de
738 1223 904 1286 arboribus
925 1221 1081 1285 detrahet.
1123 1224 1180 1287 Vi·

160 1342 215 1407 des
236 1344 352 1406 itemtm
372 1341 433 1404 tris
453 1351 611 1402 momenta
631 1359 691 1420 per
709 1337 923 1420 gradationem
946 1338 1063 1420 posits,
1085 1359 1179 1419 nego·

156 1459 200 1521 tia
225 1456 358 1534 rustica,
389 1474 491 1529 sacra,
522 1466 553 1514 et
580 1450 734 1515 amicitiae
763 1453 872 1515 suavia
898 1472 1040 1515 munera.
1087 1451 1179 1517 Addo

156 1569 285 1632 tertium
302 1567 498 1646 magnificum
516 1566 620 1627 locum
636 1565 676 1642 11,
694 1569 722 1641 1,
743 1570 856 1628 37-78.
880 1563 919 1628 de
936 1564 1084 1629 laudibus
1105 1565 1180 1629 deo·

158 1705 230 1747 rum
251 1683 435 1762 agrestium,
466 1680 521 1763 qui
550 1680 713 1742 cultiorem
734 1681 829 1743 vitam
850 1679 1015 1743 hominum
1037 1679 1181 1742 institue·

156 1811 242 1878 runt,
265 1797 323 1859 ubi
342 1808 406 1858 tres
425 1795 543 1874 amplas
559 1791 783 1874 descriptiones
801 1815 819 1855 a
837 1805 933 1875 poeta
951 1791 1073 1857 videbis
1095 1813 1180 1857 eom·

157 1914 287 1995 positas.
329 1910 416 1972 Rure
438 1908 539 1972 victus
560 1907 673 1969 melior
695 1892 859 1986 inventus,
879 1927 955 1970 rure
978 1920 1062 1972 artes
1082 1920 1180 1987 ortae,

157 2047 232 2089 mare
257 2024 350 2087 stiam
375 2024 525 2086 Amorem
547 2037 656 2085 natum
679 2022 810 2103 scimus,
835 2023 895 2100 ait,
919 2024 962 2085 sie
982 2023 1100 2087 iterum
1119 2023 1181 2086 tria

156 2154 317 2206 momenta
342 2138 382 2202 ad
412 2159 507 2200 unam
538 2139 714 2203 absolutam
741 2136 844 2200 ideam
867 2137 950 2203 vitae
978 2157 1180 2219 componens.

156 2253 239 2318 Sunt
265 2274 343 2319 vero
373 2253 447 2316 satis
479 2253 599 2333 amplae
622 2263 727 2332 partes
747 2250 825 2327 loci,
854 2262 886 2313 et
911 2248 1179 2314 considerabimus

158 2368 251 2432 etiam
274 2368 466 2449 singularum
491 2368 757 2450 compositionem.
798 2366 905 2430 Prima
924 2389 957 2431 v.
972 2371 1089 2430 emo.
1110 2378 1180 2449 post

155 2482 261 2544 thema
282 2479 454 2543 iudicatum
479 2480 602 2543 orditur
629 2503 648 2542 a
675 2479 784 2562 primis
808 2479 906 2543 initiis
926 2480 1066 2544 cultioris
1087 2479 1180 2558 vitae,

157 2592 357 2658 emendatum
383 2594 501 2657 victum
527 2595 731 2676 praegressis,
763 2591 1011 2658 aedificationem
1037 2614 1180 2657 omarum

159 2711 287 2776 diceet
317 2708 529 2773 domationem
558 2710 755 2787 animalium,
788 2723 857 2773 tum
886 2709 926 2774 ad
954 2711 1069 2793 ipsam.
1082 2711 1182 2774 victus

160 2825 299 2888 melioris
327 2823 540 2887 inventionem
563 2824 679 2903 pergit,
708 2844 802 2906 quam
831 2845 891 2906 per
916 2822 1029 2906 gradus
1053 2825 1182 2889 exhibet

158 2939 282 2999 factam.
324 2935 464 2997 Primum
494 2935 578 2996 enim
606 2956 666 3017 pro
691 2937 803 3016 glande
832 2960 944 3003 verna·
959 2951 1067 3002 narrat
1087 2960 1182 3022 poma

156 3048 325 3111 substituta
352 3060 383 3109 et
411 3048 499 3109 olera
527 3049 628 3125 horti,
663 3046 812 3133 additque
843 3052 920 3115 cibis
947 3053 1039 3116 etiam
1069 3065 1180 3135 potum

155 3161 318 3224 meliorem
350 3161 525 3224 inventum.
579 3161 663 3223 Tum
695 3164 899 3246 exquisitiora
930 3186 1046 3246 genere
1078 3167 1179 3231 victus

156 3274 333 3356 subiungit,
363 3295 478 3339 messes
503 3296 653 3340 arvorum
679 3291 711 3340 et
734 3276 833 3347 dulce
853 3283 917 3343 mel
937 3302 1043 3364 apum.
1091 3282 1179 3345 Haec

155 3392 259 3470 prima
286 3410 360 3471 pars
390 3401 446 3451 est.
499 3389 644 3457 Secunda
670 3416 701 3457 v.
722 3399 837 3458 51-66.
868 3396 1016 3479 bipartita
1037 3392 1103 3460 duo
1125 3416 1179 3478 ge·

156 3522 234 3564 nera
254 3501 368 3564 aruum
390 3504 567 3584 componit,
588 3507 722 3568 musicas
741 3522 772 3570 et
794 3531 919 3588 eamsm,
941 3531 1023 3593 quae
1045 3507 1084 3572 ad
1111 3510 1176 3572 cul·

155 3626 277 3677 tumet
302 3627 449 3678 ornatum
470 3621 611 3701 corporis
631 3623 806 3704 pertinent,
834 3624 1050 3707 simpliciores.
1099 3626 1181 3690 Ter·

156 3729 200 3792 tia
224 3730 348 3793 Amoris
372 3729 437 3793 rim
469 3752 540 3794 cum
563 3734 745 3814 gradatione
769 3736 934 3816 describit,
964 3750 1059 3820 etque
1087 3736 1181 3801 initio

156 3847 240 3911 lacto
258 3847 436 3929 agrsgibus
456 3848 609 3913 uansitur
629 3850 669 3914 ad
684 3855 846 3920 hominess
867 3852 1010 3919 videmus
1030 3865 1066 3917 ut
1080 3853 1182 3917 Amor

156 3962 303 4028 iuvenem
324 3963 364 4026 ad
391 3984 468 4046 opes
495 3966 666 4047 erogandas
687 3968 843 4050 impellat,
869 3989 976 4032 senem
999 3970 1098 4033 verba
1121 3990 1183 4052 pu-

158 4073 262 4138 denda
283 4076 384 4140 dicere
411 4079 520 4142 iubeat
545 4079 585 4143 ad
611 4083 708 4145 limen
735 4082 850 4159 bane,
881 4083 1021 4165 puellam
1042 4080 1183 4167 denique

156 4189 297 4253 timidam
313 4205 420 4256 noctu
446 4196 647 4280 tenebrisque
675 4195 769 4261 ducat
798 4196 837 4261 ad
858 4199 1024 4262 iuvenem:
1058 4200 1094 4260 in
1117 4219 1182 4282 quo

156 4307 322 4390 perspicua
343 4306 493 4388 gradatio.
543 4314 647 4395 Atque
672 4314 749 4375 haec
777 4325 824 4377 est
850 4325 916 4377 tota
938 4313 993 4376 illa
1017 4315 1183 4396 magnilica
