2468 4838
496 638 681 708 trullum.
966 671 1089 714 cxxxnt

64 802 182 888 positio
218 817 269 870 est
299 810 466 893 multiplex
495 815 721 880 membrorum.
779 816 879 900 Igitur
908 819 1091 903 Propertius

63 920 251 1001 ingeniosus
282 922 483 988 inveniendis
517 927 613 991 variis
650 931 917 995 enuntiationibus
951 933 1090 998 eiusdem

64 1036 244 1097 sententiae
280 1038 501 1121 exquisitiores
541 1040 655 1104 modos
698 1044 945 1126 amplificationis
987 1049 1091 1112 habet.

64 1146 150 1211 Vide
176 1148 320 1230 primum
342 1150 440 1214 haece

151 1277 269 1342 Donec
290 1300 341 1341 me
363 1278 470 1343 docuit
491 1293 590 1345 castas
615 1282 718 1347 odisse
739 1287 860 1368 puellas

198 1392 386 1473 mprobus,
416 1405 447 1456 et
469 1395 558 1457 nullo
579 1395 687 1461 vivere
708 1399 849 1464 consilio.

155 1562 197 1623 ln
216 1582 267 1624 me
289 1561 397 1626 tardus
418 1565 518 1627 Amor
540 1586 607 1628 non
630 1567 709 1629 ullas
732 1569 845 1648 cogitat
867 1582 966 1647 artes,

200 1673 269 1738 Nec
293 1677 436 1739 meminit
452 1690 551 1741 notas
572 1692 607 1741 ut
627 1681 716 1762 prius
739 1681 787 1743 ire
808 1683 885 1745 vias.

157 1841 210 1904 En
232 1844 365 1924 agedum
388 1844 534 1910 dominae
556 1860 693 1910 mentem
717 1849 888 1913 convertite
912 1863 1053 1927 nostrae,

203 1954 246 2018 Et
264 1957 357 2020 facite
377 1958 432 2020 illa
452 1978 523 2021 meo
545 1961 661 2039 palleat
684 1982 740 2024 ore
764 1962 873 2043 magis.

159 2127 201 2189 In
220 2147 272 2188 me
293 2140 401 2191 nostra
422 2128 534 2192 Venus
555 2143 664 2192 noctes
687 2143 813 2193 exercet
834 2153 972 2210 amaras,

204 2238 247 2302 Et
266 2242 355 2303 nullo
376 2263 494 2304 vacuus
515 2254 658 2323 tempore
680 2241 754 2306 defit
775 2263 875 2306 amor.

160 2405 207 2470 Ut
227 2410 307 2471 solet
328 2421 434 2473 amoto
456 2410 523 2471 labi
544 2408 672 2472 custode
695 2411 802 2491 puella

207 2520 345 2604 Perfida,
374 2542 555 2585 communes
577 2542 636 2586 nec
659 2522 836 2586 meminisse
858 2520 945 2587 deos.

551 2639 623 2652 *-

163 2689 255 2751 Dum
275 2692 334 2754 tibi
359 2689 495 2773 deceptis
518 2704 650 2770 augetur
671 2692 754 2754 sama
775 2692 907 2773 puellis,

210 2802 321 2867 Certus
343 2816 374 2866 et
395 2807 429 2867 in
450 2805 540 2866 nullo
562 2804 688 2888 quaeris
709 2825 816 2868 amore
840 2824 973 2866 moram.

78 2932 180 2999 Vides
206 2933 369 3018 quomodo
394 2937 471 2999 haec
494 2935 640 2998 differant
667 2935 907 2998 aTibullianis.
955 2933 1101 2997 Tibullus

80 3049 257 3114 simillimas
291 3050 521 3113 enuntiationes
558 3050 649 3129 ponit
683 3049 719 3108 in
755 3049 810 3108 tali
845 3049 1103 3129 amplificatione3

81 3164 268 3248 Propertius
289 3162 469 3243 ingeniosus
489 3163 671 3225 varietatem
696 3159 846 3221 maiorem
867 3161 964 3221 infert
985 3174 1016 3221 ct
1041 3160 1104 3222 die·

80 3280 236 3344 similiora
263 3275 423 3358 componit
450 3275 605 3349 suaviter,
636 3270 712 3333 tlum
741 3272 945 3333 nihilominus
973 3271 1102 3332 eandem

83 3393 271 3455 sententiam
286 3389 388 3451 iterat.
428 3388 474 3449 Ac
489 3408 560 3448 cum
575 3384 696 3447 Tibulli
711 3382 965 3465 amplificationes
981 3405 1105 3466 semper

83 3508 197 3570 breves
229 3502 309 3580 sint,
344 3501 527 3583 Propertius
559 3501 652 3562 etiam
682 3496 799 3561 diutius
830 3498 993 3562 continuat
1024 3501 1105 3562 hunc

84 3616 280 3683 tractationis
302 3613 454 3692 formam,
475 3613 579 3687 ,veluti
598 3614 638 3689 V,
663 3618 718 3690 11,
743 3612 828 3674 init:

167 3744 309 3820 Desine,
328 3744 455 3819 Paulle,
476 3762 580 3803 meum
602 3740 736 3803 lacrimis
756 3760 869 3820 urgere
890 3740 1088 3820 sepulcrum:

212 3855 369 3919 Panditur
390 3853 429 3916 ad
450 3855 552 3916 nullas
573 3856 668 3915 ianua
691 3854 779 3933 nigra
802 3872 921 3932 preces.

172 3970 255 4033 Cum
282 3968 378 4032 semel
398 3967 538 4030 infernas
562 3967 722 4028 innarunt
742 3967 855 4026 lunera
876 3966 975 4044 leges,

215 4081 292 4144 Non
314 4092 445 4142 exorato
466 4090 549 4141 stant
574 4076 738 4140 adamante
758 4078 837 4139 viae.

176 4195 227 4256 'I'e
247 4193 320 4255 licet
341 4203 484 4255 orantem
506 4192 611 4253 fuscae
634 4188 712 4253 deus
734 4187 840 4251 audiat
865 4185 974 4248 aulae:

219 4304 342 4386 Nempe
365 4316 433 4365 tuas
458 4304 601 4367 lacrimas
624 4303 718 4367 litora
739 4300 833 4366 surda
855 4301 973 4365 bibent.
