2468 4838
490 571 674 637 TIBULLI.
1026 598 1090 640 ην

56 741 124 806 Non
171 753 288 823 potest
327 742 363 804 in
398 743 536 805 maxima
572 744 766 827 simplicitate
802 745 983 810 adumbrari
1019 749 1089 829 pul·

60 855 159 921 chrius
192 857 381 919 coniunctio
412 858 530 919 arctior
559 859 746 936 amantium,
772 860 875 943 qualis
896 860 1087 943 aliquamdiu

60 967 133 1033 fuit!
180 967 326 1035 omnino
356 981 500 1032 notatum
524 970 618 1033 etiam
645 975 684 1035 ab
706 972 773 1035 aliis
795 987 856 1051 eat,
887 977 1023 1038 carmina
1047 997 1088 1038 ex

62 1084 167 1166 priore
195 1096 343 1164 tempore
370 1084 464 1147 huius
491 1087 607 1149 amoris
634 1086 747 1148 miram
766 1088 885 1168 spirare
905 1090 1088 1154 suauitatem

63 1218 223 1260 masuam.
275 1194 341 1259 Sed
369 1208 435 1261 erat
463 1197 497 1257 in
518 1199 612 1260 Delia
634 1210 765 1260 naturae
787 1201 863 1264 vitio
888 1199 1087 1283 deplorabilis

61 1315 173 1377 levitas
200 1314 317 1389 animi,
348 1312 432 1376 uude
455 1315 571 1376 factum
600 1327 634 1376 ut
653 1314 689 1375 in
710 1316 799 1377 lenae
822 1337 938 1396 pravae
957 1318 1087 1399 laqueos

62 1426 214 1492 incideret
236 1440 268 1490 et
290 1425 385 1489 fidem
405 1429 571 1506 frangeret.
617 1423 730 1490 Ortum
750 1427 839 1503 inde,
860 1441 894 1490 ut
910 1449 1007 1510 supra
1022 1430 1125 1507 iautf

65 1541 201 1621 dictum,
229 1543 367 1626 primum
398 1555 445 1604 est
471 1541 651 1620 discidium,
684 1542 863 1624 gravissime
885 1542 1010 1607 dolente
1031 1545 1086 1606 Ti·

63 1658 170 1735 bullo,
197 1656 254 1740 qui
276 1676 366 1738 spem
387 1657 629 1738 pulcherrimam
650 1655 694 1717 sie
721 1654 761 1718 ad
788 1657 911 1719 irritum
939 1656 1084 1721 cecidisse

62 1769 197 1834 videret.
237 1772 411 1853 Postquam
436 1782 540 1831 autem
562 1781 661 1851 nupta
681 1769 750 1834 viro
774 1773 879 1852 puella
900 1771 934 1832 in
954 1773 1084 1851 gratiam

62 1897 250 1966 composta
272 1882 423 1964 redierat,
448 1887 498 1947 cui
521 1887 626 1950 lavere
647 1906 714 1949 non
738 1884 888 1963 desierat,
911 1887 992 1950 vitae
1013 1889 1085 1971 qui·

62 1996 136 2060 dem
156 1998 291 2061 rusticae
313 2001 427 2079 felicis,
457 2022 552 2085 quam
572 2002 756 2083 imaginatus
778 2015 859 2078 erat,
892 2023 956 2065 non
981 2002 1084 2085 potuit

62 2115 198 2196 amplius
218 2115 299 2177 seria
322 2114 466 2193 cogitatio
490 2134 566 2193 esse,
588 2115 653 2176 nati
673 2135 749 2180 vero
771 2116 823 2176 isti
843 2115 996 2194 ingeniosi
1019 2114 1084 2179 doli

62 2231 173 2294 iurtiri
193 2242 283 2306 sunt,
315 2230 448 2313 quosin
469 2227 607 2292 secunda
631 2243 661 2291 et
687 2241 775 2291 sexta
795 2230 892 2309 elegia
913 2224 1084 2309 descriptos

59 2344 224 2407 habemus.
262 2346 321 2409 Est
342 2345 512 2408 etiamnum
528 2345 718 2409 desiderium
738 2341 905 2406 indelebile
926 2342 1083 2406 formosae

59 2458 202 2537 puellae,
226 2457 315 2519 cuius
336 2478 396 2520 usu
418 2480 524 2520 carere
547 2459 673 2542 nequit,
697 2460 866 2520 etiamnum
890 2478 960 2520 cum
982 2469 1084 2520 amata

60 2573 113 2633 rel
126 2571 160 2633 in
179 2570 357 2651 solitudine,
377 2574 404 2635 si
424 2576 532 2657 possit,
552 2576 658 2638 vivere
676 2577 750 2637 velit
766 2576 888 2651 lubens,
910 2573 964 2639 sed
981 2587 1083 2638 aestus

61 2686 178 2748 amoris
195 2685 391 2769 aliquantum
407 2701 517 2750 auctus
535 2686 660 2752 videtur
675 2700 704 2749 et
720 2686 872 2768 cupiditas
888 2686 989 2748 maior
1004 2688 1084 2749 sacta

59 2796 308 2881 impedimentis,
338 2800 421 2862 unde
450 2800 578 2880 insignis
599 2801 796 2863 vehementia
822 2800 989 2862 affectuum
1014 2811 1083 2861 orta

58 2916 93 2975 in
124 2912 173 2973 his
199 2912 390 2975 carminibus
417 2913 585 2996 conspicua
609 2926 640 2975 et
661 2913 823 2995 persuasio
848 2913 927 2975 nihil
947 2913 1083 2976 intenta·

59 3039 127 3087 tum
148 3027 346 3110 relinquens,
376 3049 458 3112 quae
481 3041 584 3089 tamen
607 3029 642 3088 in
672 3029 782 3091 ultimo
813 3032 949 3090 carmine
977 3026 1014 3111 (l,
1038 3026 1082 3101 6.)

59 3142 93 3202 in
115 3142 345 3220 castigationem
367 3144 560 3206 acerbiorem
582 3142 705 3220 transit,
727 3127 766 3205 et
780 3141 906 3204 adhibet
927 3143 1080 3226 quidquid

56 3258 313 3337 gravissimorum
335 3261 506 3323 verborum
529 3258 661 3321 amatori
689 3259 833 3319 restabat.
888 3256 970 3318 Tum
1000 3258 1082 3315 enirn

59 3392 175 3432 novam
197 3370 358 3452 perfidiam
380 3372 473 3432 Delia
495 3370 670 3446 admiserat,
691 3392 771 3454 quae
794 3371 855 3432 iam
878 3372 970 3431 etiam
992 3368 1083 3430 lasci·

57 3486 130 3546 vior
157 3496 222 3546 erat
252 3485 334 3547 facta
361 3480 440 3570 (neve
461 3487 542 3549 cubet
563 3488 632 3548 laxo
650 3498 747 3568 pectus
768 3482 983 3570 spartarius),
1013 3507 1083 3546 suc·

58 3611 215 3660 cesserant
241 3598 308 3661 irae
331 3600 560 3683 frequentiores
590 3614 621 3665 et
648 3604 840 3684 pulsationes
861 3601 940 3665 adeo
963 3599 1082 3662 accide-

57 3725 142 3774 rant.
186 3715 306 3775 Tamen
328 3717 421 3778 etiam
442 3717 476 3777 in
492 3717 554 3779 hoc
576 3716 711 3779 sumine
733 3718 831 3778 multa
847 3715 977 3793 vestigia
996 3733 1082 3774 amo·

56 3828 102 3889 ris
122 3840 249 3908 patent,
280 3832 336 3914 qui
357 3853 442 3896 nova
466 3854 537 3895 cum
557 3833 589 3895 vi
614 3832 853 3906 resurrexisset,
882 3830 909 3890 si
931 3826 1083 3909 potuisset

56 3943 153 4006 Delia
173 3943 277 4007 redire
299 3944 340 4008 ad
361 3945 523 4012 meliorem
544 3949 675 4029 frugem.
719 3945 901 4022 Quodnam
919 3965 984 4007 non
1003 3958 1083 4009 esset

56 4060 186 4135 sactum,
215 4073 324 4142 postea
345 4064 452 4127 relicta
476 4077 533 4139 est,
555 4061 658 4140 credo,
677 4082 742 4125 non
767 4063 834 4123 sine
856 4059 1083 4143 doloregravi.

55 4175 262 4237 Absoluhnus
282 4177 445 4239 historiam
469 4177 564 4239 huius
585 4176 716 4253 amoris3
746 4189 885 4258 superest
905 4178 1083 4246 observatio

55 4284 101 4348 ad
137 4288 384 4367 cognoscendam
420 4293 585 4372 pulchram
621 4288 760 4352 indolem
793 4290 859 4353 eius
893 4290 1084 4370 gravissima.
