<?xml version="1.0" encoding="UTF-8"?>
<!DOCTYPE html PUBLIC "-//W3C//DTD XHTML 1.0 Transitional//EN"
    "http://www.w3.org/TR/xhtml1/DTD/xhtml1-transitional.dtd">
<html xmlns="http://www.w3.org/1999/xhtml" xml:lang="en" lang="en">
 <head>
  <title>
</title>
<meta http-equiv="Content-Type" content="text/html;charset=utf-8" />
  <meta name='ocr-system' content='tesseract 3.04.00' />
  <meta name='ocr-capabilities' content='ocr_page ocr_carea ocr_par ocr_line ocrx_word'/>
</head>
<body>
  <div class='ocr_page' id='page_1' title='image "albiitibullicar00dissgoog_0129.png"; bbox 0 0 2468 4838; ppageno 0'>
   <div class='ocr_carea' id='block_1_1' title="bbox 168 604 776 677">
    <p class='ocr_par' dir='ltr' id='par_1_1' title="bbox 168 604 776 677">
     <span class='ocr_line' id='line_1_1' title="bbox 168 604 776 677; baseline -0.01 0"><span class='ocrx_word' id='word_1_1' title='bbox 168 636 263 677; x_wconf 70' lang='lat' dir='ltr'>cantv</span> <span class='ocrx_word' id='word_1_2' title='bbox 570 611 629 673; x_wconf 84' lang='lat' dir='ltr'>DE</span> <span class='ocrx_word' id='word_1_3' title='bbox 653 604 776 675; x_wconf 78' lang='lat' dir='ltr'>Poltsl</span> 
     </span>
    </p>
   </div>
   <div class='ocr_carea' id='block_1_2' title="bbox 165 776 1190 1891">
    <p class='ocr_par' dir='ltr' id='par_1_2' title="bbox 165 776 1190 1891">
     <span class='ocr_line' id='line_1_2' title="bbox 166 776 1190 867; baseline -0.003 -19"><span class='ocrx_word' id='word_1_4' title='bbox 166 806 279 867; x_wconf 83' lang='lat' dir='ltr'>genere</span> <span class='ocrx_word' id='word_1_5' title='bbox 295 780 421 847; x_wconf 87' lang='lat' dir='ltr'>laudem</span> <span class='ocrx_word' id='word_1_6' title='bbox 438 800 529 845; x_wconf 85' lang='lat' dir='ltr'>snam</span> <span class='ocrx_word' id='word_1_7' title='bbox 543 780 649 842; x_wconf 86' lang='lat' dir='ltr'>habet.</span> <span class='ocrx_word' id='word_1_8' title='bbox 690 776 773 843; x_wconf 89' lang='lat' dir='ltr'>Vide</span> <span class='ocrx_word' id='word_1_9' title='bbox 787 798 820 841; x_wconf 83' lang='lat' dir='ltr'>r.</span> <span class='ocrx_word' id='word_1_10' title='bbox 830 798 858 843; x_wconf 82' lang='lat' dir='ltr'>c.</span> <span class='ocrx_word' id='word_1_11' title='bbox 871 779 1071 860; x_wconf 86' lang='lat' dir='ltr'>praeclartun</span> <span class='ocrx_word' id='word_1_12' title='bbox 1085 780 1190 845; x_wconf 87' lang='lat' dir='ltr'>locum</span> 
     </span>
     <span class='ocr_line' id='line_1_3' title="bbox 165 902 429 981; baseline -0.023 -16"><span class='ocrx_word' id='word_1_13' title='bbox 165 904 197 979; x_wconf 93' lang='lat' dir='ltr'>l,</span> <span class='ocrx_word' id='word_1_14' title='bbox 220 908 257 976; x_wconf 84' lang='lat'>5,</span> <span class='ocrx_word' id='word_1_15' title='bbox 280 902 320 961; x_wconf 81' lang='lat'>49</span> <span class='ocrx_word' id='word_1_16' title='bbox 343 917 429 981; x_wconf 61' lang='lat' dir='ltr'>equa</span> 
     </span>
     <span class='ocr_line' id='line_1_4' title="bbox 250 1001 1107 1092; baseline -0.005 -18"><span class='ocrx_word' id='word_1_17' title='bbox 250 1012 442 1092; x_wconf 74' lang='lat' dir='ltr'>Sanguineas</span> <span class='ocrx_word' id='word_1_18' title='bbox 468 1004 539 1069; x_wconf 86' lang='lat' dir='ltr'>edat</span> <span class='ocrx_word' id='word_1_19' title='bbox 562 1005 617 1066; x_wconf 88' lang='lat' dir='ltr'>illa</span> <span class='ocrx_word' id='word_1_20' title='bbox 638 1001 750 1087; x_wconf 84' lang='lat' dir='ltr'>dapes,</span> <span class='ocrx_word' id='word_1_21' title='bbox 778 1015 871 1086; x_wconf 84' lang='lat' dir='ltr'>atqtre</span> <span class='ocrx_word' id='word_1_22' title='bbox 894 1022 950 1065; x_wconf 88' lang='lat' dir='ltr'>ore</span> <span class='ocrx_word' id='word_1_23' title='bbox 975 1017 1107 1071; x_wconf 90' lang='lat' dir='ltr'>cruento</span> 
     </span>
     <span class='ocr_line' id='line_1_5' title="bbox 292 1116 990 1200; baseline -0.004 -16"><span class='ocrx_word' id='word_1_24' title='bbox 292 1123 410 1185; x_wconf 77' lang='lat' dir='ltr'>Tristia</span> <span class='ocrx_word' id='word_1_25' title='bbox 433 1139 505 1183; x_wconf 92' lang='lat' dir='ltr'>cum</span> <span class='ocrx_word' id='word_1_26' title='bbox 529 1119 629 1180; x_wconf 89' lang='lat' dir='ltr'>multo</span> <span class='ocrx_word' id='word_1_27' title='bbox 653 1118 769 1200; x_wconf 84' lang='lat' dir='ltr'>poeula</span> <span class='ocrx_word' id='word_1_28' title='bbox 789 1118 861 1179; x_wconf 82' lang='lat' dir='ltr'>felle</span> <span class='ocrx_word' id='word_1_29' title='bbox 882 1116 990 1181; x_wconf 87' lang='lat' dir='ltr'>bibat:</span> 
     </span>
     <span class='ocr_line' id='line_1_6' title="bbox 251 1230 1137 1314; baseline -0.005 -16"><span class='ocrx_word' id='word_1_30' title='bbox 251 1239 342 1298; x_wconf 79' lang='lat' dir='ltr'>lianc</span> <span class='ocrx_word' id='word_1_31' title='bbox 363 1233 497 1299; x_wconf 75' lang='lat' dir='ltr'>volitent</span> <span class='ocrx_word' id='word_1_32' title='bbox 518 1232 640 1294; x_wconf 73' lang='lat' dir='ltr'>mimae</span> <span class='ocrx_word' id='word_1_33' title='bbox 661 1231 779 1294; x_wconf 89' lang='lat' dir='ltr'>circum</span> <span class='ocrx_word' id='word_1_34' title='bbox 802 1249 861 1292; x_wconf 88' lang='lat' dir='ltr'>sua</span> <span class='ocrx_word' id='word_1_35' title='bbox 883 1230 947 1294; x_wconf 90' lang='lat' dir='ltr'>fata</span> <span class='ocrx_word' id='word_1_36' title='bbox 968 1243 1137 1314; x_wconf 70' lang='lat' dir='ltr'>querentes</span> 
     </span>
     <span class='ocr_line' id='line_1_7' title="bbox 292 1346 1047 1433; baseline -0.005 -18"><span class='ocrx_word' id='word_1_37' title='bbox 292 1352 438 1433; x_wconf 86' lang='lat' dir='ltr'>Semper,</span> <span class='ocrx_word' id='word_1_38' title='bbox 469 1362 500 1412; x_wconf 87' lang='lat' dir='ltr'>et</span> <span class='ocrx_word' id='word_1_39' title='bbox 523 1371 541 1411; x_wconf 93' lang='lat' dir='ltr'>e</span> <span class='ocrx_word' id='word_1_40' title='bbox 564 1348 651 1409; x_wconf 88' lang='lat' dir='ltr'>tectis</span> <span class='ocrx_word' id='word_1_41' title='bbox 674 1347 754 1409; x_wconf 83' lang='lat' dir='ltr'>strix</span> <span class='ocrx_word' id='word_1_42' title='bbox 774 1346 913 1411; x_wconf 78' lang='lat' dir='ltr'>violente</span> <span class='ocrx_word' id='word_1_43' title='bbox 936 1358 1047 1411; x_wconf 73' lang='lat' dir='ltr'>canate</span> 
     </span>
     <span class='ocr_line' id='line_1_8' title="bbox 254 1460 1139 1551; baseline -0.008 -19"><span class='ocrx_word' id='word_1_44' title='bbox 254 1472 325 1551; x_wconf 86' lang='lat' dir='ltr'>Ipsa</span> <span class='ocrx_word' id='word_1_45' title='bbox 347 1468 429 1530; x_wconf 84' lang='lat' dir='ltr'>inme</span> <span class='ocrx_word' id='word_1_46' title='bbox 453 1466 634 1528; x_wconf 69' lang='lat' dir='ltr'>stimulante</span> <span class='ocrx_word' id='word_1_47' title='bbox 656 1462 765 1526; x_wconf 82' lang='lat' dir='ltr'>furens</span> <span class='ocrx_word' id='word_1_48' title='bbox 785 1462 964 1544; x_wconf 80' lang='lat' dir='ltr'>herbasque</span> <span class='ocrx_word' id='word_1_49' title='bbox 986 1460 1139 1543; x_wconf 85' lang='lat' dir='ltr'>sepulcris</span> 
     </span>
     <span class='ocr_line' id='line_1_9' title="bbox 290 1578 1022 1661; baseline -0.003 -16"><span class='ocrx_word' id='word_1_50' title='bbox 290 1584 446 1661; x_wconf 78' lang='lat' dir='ltr'>Quaerat,</span> <span class='ocrx_word' id='word_1_51' title='bbox 477 1594 508 1643; x_wconf 92' lang='lat' dir='ltr'>et</span> <span class='ocrx_word' id='word_1_52' title='bbox 531 1603 548 1643; x_wconf 91' lang='lat' dir='ltr'>a</span> <span class='ocrx_word' id='word_1_53' title='bbox 569 1581 671 1644; x_wconf 86' lang='lat' dir='ltr'>saevis</span> <span class='ocrx_word' id='word_1_54' title='bbox 694 1599 766 1643; x_wconf 83' lang='lat' dir='ltr'>ossa</span> <span class='ocrx_word' id='word_1_55' title='bbox 786 1578 896 1642; x_wconf 82' lang='lat' dir='ltr'>relicta</span> <span class='ocrx_word' id='word_1_56' title='bbox 916 1578 1022 1661; x_wconf 85' lang='lat' dir='ltr'>lupis,</span> 
     </span>
     <span class='ocr_line' id='line_1_10' title="bbox 252 1692 1157 1777; baseline 0 -18"><span class='ocrx_word' id='word_1_57' title='bbox 252 1697 367 1759; x_wconf 83' lang='lat' dir='ltr'>Currat</span> <span class='ocrx_word' id='word_1_58' title='bbox 389 1708 420 1759; x_wconf 88' lang='lat' dir='ltr'>et</span> <span class='ocrx_word' id='word_1_59' title='bbox 440 1696 620 1776; x_wconf 81' lang='lat' dir='ltr'>inguinibus</span> <span class='ocrx_word' id='word_1_60' title='bbox 641 1694 752 1775; x_wconf 89' lang='lat' dir='ltr'>nudie,</span> <span class='ocrx_word' id='word_1_61' title='bbox 780 1695 944 1777; x_wconf 83' lang='lat' dir='ltr'>ululetque</span> <span class='ocrx_word' id='word_1_62' title='bbox 965 1714 1025 1775; x_wconf 84' lang='lat' dir='ltr'>per</span> <span class='ocrx_word' id='word_1_63' title='bbox 1046 1692 1157 1769; x_wconf 70' lang='lat' dir='ltr'>urbes,</span> 
     </span>
     <span class='ocr_line' id='line_1_11' title="bbox 291 1807 1019 1891; baseline -0.004 -18"><span class='ocrx_word' id='word_1_64' title='bbox 291 1812 368 1873; x_wconf 87' lang='lat' dir='ltr'>Post</span> <span class='ocrx_word' id='word_1_65' title='bbox 389 1821 459 1889; x_wconf 84' lang='lat' dir='ltr'>agat</span> <span class='ocrx_word' id='word_1_66' title='bbox 481 1828 499 1871; x_wconf 90' lang='lat' dir='ltr'>e</span> <span class='ocrx_word' id='word_1_67' title='bbox 520 1807 622 1872; x_wconf 86' lang='lat' dir='ltr'>triviis</span> <span class='ocrx_word' id='word_1_68' title='bbox 643 1829 755 1891; x_wconf 85' lang='lat' dir='ltr'>aspera</span> <span class='ocrx_word' id='word_1_69' title='bbox 774 1807 869 1871; x_wconf 80' lang='lat' dir='ltr'>umba</span> <span class='ocrx_word' id='word_1_70' title='bbox 893 1826 1019 1870; x_wconf 89' lang='lat' dir='ltr'>canum.</span> 
     </span>
    </p>
   </div>
   <div class='ocr_carea' id='block_1_3' title="bbox 164 1947 1189 2353">
    <p class='ocr_par' dir='ltr' id='par_1_3' title="bbox 164 1947 1189 2353">
     <span class='ocr_line' id='line_1_12' title="bbox 166 1947 1189 2028; baseline -0.006 -15"><span class='ocrx_word' id='word_1_71' title='bbox 166 1950 246 2028; x_wconf 84' lang='lat' dir='ltr'>Quis</span> <span class='ocrx_word' id='word_1_72' title='bbox 267 1951 301 2013; x_wconf 91' lang='lat' dir='ltr'>in</span> <span class='ocrx_word' id='word_1_73' title='bbox 323 1952 377 2013; x_wconf 87' lang='lat' dir='ltr'>tali</span> <span class='ocrx_word' id='word_1_74' title='bbox 399 1952 512 2014; x_wconf 82' lang='lat' dir='ltr'>affectu</span> <span class='ocrx_word' id='word_1_75' title='bbox 537 1971 603 2013; x_wconf 90' lang='lat' dir='ltr'>non</span> <span class='ocrx_word' id='word_1_76' title='bbox 630 1950 738 2015; x_wconf 89' lang='lat' dir='ltr'>laudat</span> <span class='ocrx_word' id='word_1_77' title='bbox 763 1948 912 2015; x_wconf 80' lang='lat' dir='ltr'>breviora</span> <span class='ocrx_word' id='word_1_78' title='bbox 931 1947 1075 2011; x_wconf 79' lang='lat' dir='ltr'>membra</span> <span class='ocrx_word' id='word_1_79' title='bbox 1095 1962 1189 2009; x_wconf 88' lang='lat' dir='ltr'>usur·</span> 
     </span>
     <span class='ocr_line' id='line_1_13' title="bbox 166 2059 1187 2147; baseline -0.002 -24"><span class='ocrx_word' id='word_1_80' title='bbox 166 2077 254 2145; x_wconf 87' lang='lat' dir='ltr'>pata,</span> <span class='ocrx_word' id='word_1_81' title='bbox 277 2064 347 2147; x_wconf 88' lang='lat' dir='ltr'>quie</span> <span class='ocrx_word' id='word_1_82' title='bbox 367 2064 542 2146; x_wconf 77' lang='lat' dir='ltr'>praeferret</span> <span class='ocrx_word' id='word_1_83' title='bbox 561 2076 711 2146; x_wconf 88' lang='lat' dir='ltr'>quattuor</span> <span class='ocrx_word' id='word_1_84' title='bbox 729 2060 878 2144; x_wconf 78' lang='lat' dir='ltr'>periodon</span> <span class='ocrx_word' id='word_1_85' title='bbox 895 2062 1032 2124; x_wconf 75' lang='lat' dir='ltr'>maiores</span> <span class='ocrx_word' id='word_1_86' title='bbox 1047 2080 1108 2143; x_wconf 89' lang='lat' dir='ltr'>pro</span> <span class='ocrx_word' id='word_1_87' title='bbox 1126 2059 1187 2121; x_wconf 88' lang='lat' dir='ltr'>hoe</span> 
     </span>
     <span class='ocr_line' id='line_1_14' title="bbox 164 2168 1187 2258; baseline -0.007 -19"><span class='ocrx_word' id='word_1_88' title='bbox 164 2176 271 2240; x_wconf 85' lang='lat' dir='ltr'>vivido</span> <span class='ocrx_word' id='word_1_89' title='bbox 291 2198 384 2240; x_wconf 89' lang='lat' dir='ltr'>cursu</span> <span class='ocrx_word' id='word_1_90' title='bbox 401 2172 577 2240; x_wconf 73' lang='lat' dir='ltr'>orationis?</span> <span class='ocrx_word' id='word_1_91' title='bbox 618 2176 793 2240; x_wconf 84' lang='lat' dir='ltr'>Veniamne</span> <span class='ocrx_word' id='word_1_92' title='bbox 807 2177 901 2257; x_wconf 75' lang='lat' dir='ltr'>igitur</span> <span class='ocrx_word' id='word_1_93' title='bbox 915 2196 969 2256; x_wconf 91' lang='lat' dir='ltr'>eo,</span> <span class='ocrx_word' id='word_1_94' title='bbox 987 2192 1056 2258; x_wconf 90' lang='lat' dir='ltr'>quo</span> <span class='ocrx_word' id='word_1_95' title='bbox 1068 2168 1187 2235; x_wconf 84' lang='lat' dir='ltr'>dudum</span> 
     </span>
     <span class='ocr_line' id='line_1_15' title="bbox 164 2289 574 2353; baseline -0.005 0"><span class='ocrx_word' id='word_1_96' title='bbox 164 2290 265 2353; x_wconf 88' lang='lat' dir='ltr'>tondit</span> <span class='ocrx_word' id='word_1_97' title='bbox 286 2292 364 2353; x_wconf 82' lang='lat' dir='ltr'>isaeo</span> <span class='ocrx_word' id='word_1_98' title='bbox 386 2289 574 2353; x_wconf 81' lang='lat' dir='ltr'>dissertatio.</span> 
     </span>
    </p>
   </div>
   <div class='ocr_carea' id='block_1_4' title="bbox 155 2422 1232 4116">
    <p class='ocr_par' dir='ltr' id='par_1_4' title="bbox 155 2422 1232 4116">
     <span class='ocr_line' id='line_1_16' title="bbox 227 2422 1188 2512; baseline -0.014 -14"><span class='ocrx_word' id='word_1_99' title='bbox 227 2437 352 2498; x_wconf 87' lang='lat' dir='ltr'>Etenim</span> <span class='ocrx_word' id='word_1_100' title='bbox 381 2438 480 2498; x_wconf 89' lang='lat' dir='ltr'>altera</span> <span class='ocrx_word' id='word_1_101' title='bbox 507 2432 590 2496; x_wconf 84' lang='lat' dir='ltr'>ratio</span> <span class='ocrx_word' id='word_1_102' title='bbox 617 2429 851 2512; x_wconf 73' lang='lat' dir='ltr'>compositionis</span> <span class='ocrx_word' id='word_1_103' title='bbox 877 2431 955 2493; x_wconf 82' lang='lat' dir='ltr'>baec</span> <span class='ocrx_word' id='word_1_104' title='bbox 983 2438 1046 2506; x_wconf 87' lang='lat' dir='ltr'>est,</span> <span class='ocrx_word' id='word_1_105' title='bbox 1077 2437 1113 2489; x_wconf 90' lang='lat' dir='ltr'>ut</span> <span class='ocrx_word' id='word_1_106' title='bbox 1141 2422 1188 2486; x_wconf 90' lang='lat' dir='ltr'>di·</span> 
     </span>
     <span class='ocr_line' id='line_1_17' title="bbox 163 2540 1187 2617; baseline -0.011 -7"><span class='ocrx_word' id='word_1_107' title='bbox 163 2546 275 2610; x_wconf 90' lang='lat' dir='ltr'>stincta</span> <span class='ocrx_word' id='word_1_108' title='bbox 305 2550 447 2610; x_wconf 87' lang='lat' dir='ltr'>membra</span> <span class='ocrx_word' id='word_1_109' title='bbox 480 2547 595 2608; x_wconf 88' lang='lat' dir='ltr'>babeat</span> <span class='ocrx_word' id='word_1_110' title='bbox 627 2541 782 2605; x_wconf 87' lang='lat' dir='ltr'>distichon</span> <span class='ocrx_word' id='word_1_111' title='bbox 814 2542 891 2605; x_wconf 80' lang='lat' dir='ltr'>alias</span> <span class='ocrx_word' id='word_1_112' title='bbox 921 2542 1014 2605; x_wconf 79' lang='lat' dir='ltr'>attur</span> <span class='ocrx_word' id='word_1_113' title='bbox 1043 2540 1187 2617; x_wconf 78' lang='lat' dir='ltr'>formata,</span> 
     </span>
     <span class='ocr_line' id='line_1_18' title="bbox 163 2652 1187 2744; baseline -0.003 -22"><span class='ocrx_word' id='word_1_114' title='bbox 163 2672 258 2744; x_wconf 82' lang='lat' dir='ltr'>atque</span> <span class='ocrx_word' id='word_1_115' title='bbox 288 2665 395 2725; x_wconf 89' lang='lat' dir='ltr'>omnia</span> <span class='ocrx_word' id='word_1_116' title='bbox 425 2682 541 2743; x_wconf 84' lang='lat' dir='ltr'>genera</span> <span class='ocrx_word' id='word_1_117' title='bbox 571 2660 724 2741; x_wconf 85' lang='lat' dir='ltr'>simplicia</span> <span class='ocrx_word' id='word_1_118' title='bbox 751 2657 955 2742; x_wconf 83' lang='lat' dir='ltr'>periodorum</span> <span class='ocrx_word' id='word_1_119' title='bbox 985 2656 1039 2720; x_wconf 84' lang='lat' dir='ltr'>hic</span> <span class='ocrx_word' id='word_1_120' title='bbox 1070 2652 1187 2731; x_wconf 73' lang='lat' dir='ltr'>rideat,</span> 
     </span>
     <span class='ocr_line' id='line_1_19' title="bbox 163 2771 1188 2856; baseline -0.002 -21"><span class='ocrx_word' id='word_1_121' title='bbox 163 2776 366 2855; x_wconf 82' lang='lat' dir='ltr'>copulativae,</span> <span class='ocrx_word' id='word_1_122' title='bbox 381 2775 592 2856; x_wconf 82' lang='lat' dir='ltr'>disiunctivas,</span> <span class='ocrx_word' id='word_1_123' title='bbox 607 2773 815 2842; x_wconf 79' lang='lat' dir='ltr'>adversativas</span> <span class='ocrx_word' id='word_1_124' title='bbox 827 2771 1079 2855; x_wconf 89' lang='lat' dir='ltr'>compositiones,</span> <span class='ocrx_word' id='word_1_125' title='bbox 1091 2788 1188 2853; x_wconf 87' lang='lat' dir='ltr'>porro</span> 
     </span>
     <span class='ocr_line' id='line_1_20' title="bbox 162 2885 1186 2967; baseline -0.001 -20"><span class='ocrx_word' id='word_1_126' title='bbox 162 2887 389 2949; x_wconf 85' lang='lat' dir='ltr'>conditionales</span> <span class='ocrx_word' id='word_1_127' title='bbox 396 2931 405 2965; x_wconf 97' lang='lat'>,</span> <span class='ocrx_word' id='word_1_128' title='bbox 431 2886 557 2965; x_wconf 86' lang='lat' dir='ltr'>finales,</span> <span class='ocrx_word' id='word_1_129' title='bbox 588 2890 742 2967; x_wconf 81' lang='lat' dir='ltr'>causales,</span> <span class='ocrx_word' id='word_1_130' title='bbox 772 2887 916 2952; x_wconf 80' lang='lat' dir='ltr'>relativas</span> <span class='ocrx_word' id='word_1_131' title='bbox 940 2885 1186 2964; x_wconf 84' lang='lat' dir='ltr'>enuntiationes,</span> 
     </span>
     <span class='ocr_line' id='line_1_21' title="bbox 161 3000 1187 3085; baseline 0.001 -23"><span class='ocrx_word' id='word_1_132' title='bbox 161 3013 200 3063; x_wconf 87' lang='lat' dir='ltr'>ut</span> <span class='ocrx_word' id='word_1_133' title='bbox 220 3023 280 3082; x_wconf 89' lang='lat' dir='ltr'>par</span> <span class='ocrx_word' id='word_1_134' title='bbox 300 3015 363 3080; x_wconf 83' lang='lat' dir='ltr'>eet,</span> <span class='ocrx_word' id='word_1_135' title='bbox 395 3024 477 3085; x_wconf 90' lang='lat' dir='ltr'>quae</span> <span class='ocrx_word' id='word_1_136' title='bbox 500 3005 635 3068; x_wconf 82' lang='lat' dir='ltr'>uarietas</span> <span class='ocrx_word' id='word_1_137' title='bbox 661 3005 736 3067; x_wconf 87' lang='lat' dir='ltr'>scite</span> <span class='ocrx_word' id='word_1_138' title='bbox 761 3016 891 3069; x_wconf 84' lang='lat' dir='ltr'>tractata</span> <span class='ocrx_word' id='word_1_139' title='bbox 913 3002 1036 3083; x_wconf 62' lang='lat' dir='ltr'>enegio</span> <span class='ocrx_word' id='word_1_140' title='bbox 1059 3000 1187 3065; x_wconf 73' lang='lat' dir='ltr'>adiuva</span> 
     </span>
     <span class='ocr_line' id='line_1_22' title="bbox 163 3112 1187 3198; baseline 0.002 -23"><span class='ocrx_word' id='word_1_141' title='bbox 163 3127 195 3175; x_wconf 92' lang='lat' dir='ltr'>et</span> <span class='ocrx_word' id='word_1_142' title='bbox 215 3129 308 3196; x_wconf 79' lang='lat' dir='ltr'>auget</span> <span class='ocrx_word' id='word_1_143' title='bbox 327 3116 469 3198; x_wconf 79' lang='lat' dir='ltr'>vigorem</span> <span class='ocrx_word' id='word_1_144' title='bbox 490 3118 616 3198; x_wconf 80' lang='lat' dir='ltr'>elegiae.</span> <span class='ocrx_word' id='word_1_145' title='bbox 657 3116 721 3180; x_wconf 85' lang='lat' dir='ltr'>Sed</span> <span class='ocrx_word' id='word_1_146' title='bbox 740 3138 826 3181; x_wconf 90' lang='lat' dir='ltr'>nunc</span> <span class='ocrx_word' id='word_1_147' title='bbox 842 3118 975 3181; x_wconf 79' lang='lat' dir='ltr'>observa</span> <span class='ocrx_word' id='word_1_148' title='bbox 990 3112 1187 3179; x_wconf 83' lang='lat' dir='ltr'>diversitates</span> 
     </span>
     <span class='ocr_line' id='line_1_23' title="bbox 160 3228 1186 3311; baseline -0.002 -19"><span class='ocrx_word' id='word_1_149' title='bbox 160 3244 343 3311; x_wconf 81' lang='lat' dir='ltr'>poetarnm3</span> <span class='ocrx_word' id='word_1_150' title='bbox 375 3254 449 3294; x_wconf 88' lang='lat' dir='ltr'>nam</span> <span class='ocrx_word' id='word_1_151' title='bbox 478 3254 551 3296; x_wconf 91' lang='lat' dir='ltr'>cum</span> <span class='ocrx_word' id='word_1_152' title='bbox 573 3231 728 3299; x_wconf 85' lang='lat' dir='ltr'>diversam</span> <span class='ocrx_word' id='word_1_153' title='bbox 755 3229 895 3296; x_wconf 90' lang='lat' dir='ltr'>indolem</span> <span class='ocrx_word' id='word_1_154' title='bbox 922 3230 1037 3294; x_wconf 86' lang='lat' dir='ltr'>babeat</span> <span class='ocrx_word' id='word_1_155' title='bbox 1056 3228 1186 3305; x_wconf 87' lang='lat' dir='ltr'>Tibulli,</span> 
     </span>
     <span class='ocr_line' id='line_1_24' title="bbox 159 3344 1184 3428; baseline 0 -21"><span class='ocrx_word' id='word_1_156' title='bbox 159 3347 334 3428; x_wconf 85' lang='lat' dir='ltr'>Propertii,</span> <span class='ocrx_word' id='word_1_157' title='bbox 366 3346 472 3412; x_wconf 81' lang='lat' dir='ltr'>Ovidii</span> <span class='ocrx_word' id='word_1_158' title='bbox 500 3349 653 3426; x_wconf 87' lang='lat' dir='ltr'>elocutio,</span> <span class='ocrx_word' id='word_1_159' title='bbox 686 3351 746 3411; x_wconf 87' lang='lat' dir='ltr'>boc</span> <span class='ocrx_word' id='word_1_160' title='bbox 772 3350 844 3414; x_wconf 88' lang='lat' dir='ltr'>loco</span> <span class='ocrx_word' id='word_1_161' title='bbox 868 3348 990 3427; x_wconf 78' lang='lat' dir='ltr'>insigne</span> <span class='ocrx_word' id='word_1_162' title='bbox 1014 3344 1184 3409; x_wconf 88' lang='lat' dir='ltr'>discrimen</span> 
     </span>
     <span class='ocr_line' id='line_1_25' title="bbox 160 3456 1184 3545; baseline 0.004 -28"><span class='ocrx_word' id='word_1_163' title='bbox 160 3456 388 3537; x_wconf 76' lang='lat' dir='ltr'>deprehendas.</span> <span class='ocrx_word' id='word_1_164' title='bbox 454 3460 499 3521; x_wconf 85' lang='lat' dir='ltr'>Ac</span> <span class='ocrx_word' id='word_1_165' title='bbox 532 3460 669 3541; x_wconf 86' lang='lat' dir='ltr'>primum</span> <span class='ocrx_word' id='word_1_166' title='bbox 704 3458 832 3545; x_wconf 86' lang='lat' dir='ltr'>quidem</span> <span class='ocrx_word' id='word_1_167' title='bbox 864 3481 932 3524; x_wconf 90' lang='lat' dir='ltr'>non</span> <span class='ocrx_word' id='word_1_168' title='bbox 961 3458 1071 3524; x_wconf 80' lang='lat' dir='ltr'>uideas</span> <span class='ocrx_word' id='word_1_169' title='bbox 1099 3456 1184 3542; x_wconf 83' lang='lat' dir='ltr'>apud</span> 
     </span>
     <span class='ocr_line' id='line_1_26' title="bbox 160 3570 1185 3653; baseline 0.007 -22"><span class='ocrx_word' id='word_1_170' title='bbox 160 3571 323 3634; x_wconf 89' lang='lat' dir='ltr'>Tibullum</span> <span class='ocrx_word' id='word_1_171' title='bbox 353 3570 462 3634; x_wconf 82' lang='lat' dir='ltr'>Ovidii</span> <span class='ocrx_word' id='word_1_172' title='bbox 489 3596 626 3653; x_wconf 87' lang='lat' dir='ltr'>morem,</span> <span class='ocrx_word' id='word_1_173' title='bbox 660 3578 749 3639; x_wconf 88' lang='lat' dir='ltr'>cuius</span> <span class='ocrx_word' id='word_1_174' title='bbox 777 3576 909 3640; x_wconf 85' lang='lat' dir='ltr'>disticha</span> <span class='ocrx_word' id='word_1_175' title='bbox 936 3578 1038 3639; x_wconf 79' lang='lat' dir='ltr'>marita</span> <span class='ocrx_word' id='word_1_176' title='bbox 1064 3576 1185 3639; x_wconf 75' lang='lat' dir='ltr'>minute</span> 
     </span>
     <span class='ocr_line' id='line_1_27' title="bbox 159 3686 1183 3772; baseline 0.006 -26"><span class='ocrx_word' id='word_1_177' title='bbox 159 3689 300 3747; x_wconf 89' lang='lat' dir='ltr'>membra</span> <span class='ocrx_word' id='word_1_178' title='bbox 320 3686 421 3748; x_wconf 91' lang='lat' dir='ltr'>omnis</span> <span class='ocrx_word' id='word_1_179' title='bbox 440 3689 562 3766; x_wconf 84' lang='lat' dir='ltr'>generis</span> <span class='ocrx_word' id='word_1_180' title='bbox 579 3691 714 3768; x_wconf 74' lang='lat' dir='ltr'>liabent3</span> <span class='ocrx_word' id='word_1_181' title='bbox 739 3690 835 3753; x_wconf 78' lang='lat' dir='ltr'>Ouidio</span> <span class='ocrx_word' id='word_1_182' title='bbox 854 3694 928 3752; x_wconf 75' lang='lat' dir='ltr'>atine</span> <span class='ocrx_word' id='word_1_183' title='bbox 944 3695 1066 3772; x_wconf 75' lang='lat' dir='ltr'>propria</span> <span class='ocrx_word' id='word_1_184' title='bbox 1081 3691 1183 3772; x_wconf 73' lang='lat' dir='ltr'>loqua-</span> 
     </span>
     <span class='ocr_line' id='line_1_28' title="bbox 158 3800 1184 3885; baseline 0.001 -24"><span class='ocrx_word' id='word_1_185' title='bbox 158 3805 231 3863; x_wconf 80' lang='lat' dir='ltr'>citas</span> <span class='ocrx_word' id='word_1_186' title='bbox 252 3800 372 3879; x_wconf 80' lang='lat' dir='ltr'>subtilis,</span> <span class='ocrx_word' id='word_1_187' title='bbox 391 3805 541 3861; x_wconf 81' lang='lat' dir='ltr'>innumeris</span> <span class='ocrx_word' id='word_1_188' title='bbox 561 3807 704 3863; x_wconf 75' lang='lat' dir='ltr'>murnennb</span> <span class='ocrx_word' id='word_1_189' title='bbox 723 3824 819 3865; x_wconf 84' lang='lat' dir='ltr'>rerum</span> <span class='ocrx_word' id='word_1_190' title='bbox 841 3800 1013 3885; x_wconf 61' lang='lat' dir='ltr'>expuendi</span> <span class='ocrx_word' id='word_1_191' title='bbox 1030 3806 1184 3879; x_wconf 59' lang='lat' dir='ltr'>ingeniose,</span> 
     </span>
     <span class='ocr_line' id='line_1_29' title="bbox 158 3918 1232 4000; baseline 0.006 -25"><span class='ocrx_word' id='word_1_192' title='bbox 158 3922 208 3976; x_wconf 81' lang='lat' dir='ltr'>cui</span> <span class='ocrx_word' id='word_1_193' title='bbox 232 3920 353 3976; x_wconf 76' lang='lat' dir='ltr'>coruunt</span> <span class='ocrx_word' id='word_1_194' title='bbox 386 3918 527 3999; x_wconf 78' lang='lat' dir='ltr'>multiplex</span> <span class='ocrx_word' id='word_1_195' title='bbox 554 3924 676 3979; x_wconf 85' lang='lat' dir='ltr'>onrictns</span> <span class='ocrx_word' id='word_1_196' title='bbox 700 3921 900 4000; x_wconf 69' lang='lat' dir='ltr'>periodonun,</span> <span class='ocrx_word' id='word_1_197' title='bbox 933 3938 1005 3979; x_wconf 82' lang='lat' dir='ltr'>raro</span> <span class='ocrx_word' id='word_1_198' title='bbox 1035 3924 1184 3995; x_wconf 58' lang='lat' dir='ltr'>nonomen,</span> <span class='ocrx_word' id='word_1_199' title='bbox 1224 3970 1232 3981; x_wconf 93' lang='lat'><em>.</em></span> 
     </span>
     <span class='ocr_line' id='line_1_30' title="bbox 155 4032 1182 4116; baseline 0.005 -26"><span class='ocrx_word' id='word_1_200' title='bbox 155 4032 305 4109; x_wconf 69' lang='lat' dir='ltr'>ultitimum</span> <span class='ocrx_word' id='word_1_201' title='bbox 319 4052 384 4093; x_wconf 82' lang='lat' dir='ltr'>uero</span> <span class='ocrx_word' id='word_1_202' title='bbox 398 4038 506 4095; x_wconf 72' lang='lat' dir='ltr'>altinatis</span> <span class='ocrx_word' id='word_1_203' title='bbox 519 4032 585 4095; x_wconf 83' lang='lat' dir='ltr'>coiis</span> <span class='ocrx_word' id='word_1_204' title='bbox 600 4047 675 4097; x_wconf 75' lang='lat' dir='ltr'>latens·</span> <span class='ocrx_word' id='word_1_205' title='bbox 689 4037 764 4095; x_wconf 75' lang='lat' dir='ltr'>altas</span> <span class='ocrx_word' id='word_1_206' title='bbox 778 4037 871 4095; x_wconf 82' lang='lat' dir='ltr'>aliter.</span> <span class='ocrx_word' id='word_1_207' title='bbox 911 4034 1068 4116; x_wconf 84' lang='lat' dir='ltr'>Exempla</span> <span class='ocrx_word' id='word_1_208' title='bbox 1082 4053 1182 4116; x_wconf 80' lang='lat' dir='ltr'>pono:</span> 
     </span>
    </p>
   </div>
   <div class='ocr_carea' id='block_1_5' title="bbox 244 4171 1139 4369">
    <p class='ocr_par' dir='ltr' id='par_1_5' title="bbox 244 4171 1139 4369">
     <span class='ocr_line' id='line_1_31' title="bbox 244 4171 1139 4254; baseline 0.012 -26"><span class='ocrx_word' id='word_1_209' title='bbox 244 4171 382 4251; x_wconf 81' lang='lat' dir='ltr'>Tmnpna</span> <span class='ocrx_word' id='word_1_210' title='bbox 406 4187 440 4236; x_wconf 91' lang='lat' dir='ltr'>ut</span> <span class='ocrx_word' id='word_1_211' title='bbox 461 4177 639 4249; x_wconf 82' lang='lat' dir='ltr'>observem,</span> <span class='ocrx_word' id='word_1_212' title='bbox 665 4174 779 4237; x_wconf 88' lang='lat' dir='ltr'>manda</span> <span class='ocrx_word' id='word_1_213' title='bbox 800 4176 894 4254; x_wconf 76' lang='lat' dir='ltr'>milri3</span> <span class='ocrx_word' id='word_1_214' title='bbox 924 4176 1039 4239; x_wconf 84' lang='lat' dir='ltr'>certius</span> <span class='ocrx_word' id='word_1_215' title='bbox 1062 4178 1139 4240; x_wconf 84' lang='lat' dir='ltr'>ibis:</span> 
     </span>
     <span class='ocr_line' id='line_1_32' title="bbox 284 4281 1005 4369; baseline 0.018 -28"><span class='ocrx_word' id='word_1_216' title='bbox 284 4281 350 4343; x_wconf 71' lang='lat' dir='ltr'>Noc</span> <span class='ocrx_word' id='word_1_217' title='bbox 375 4300 422 4364; x_wconf 87' lang='lat' dir='ltr'>te,</span> <span class='ocrx_word' id='word_1_218' title='bbox 455 4287 481 4348; x_wconf 87' lang='lat' dir='ltr'>si</span> <span class='ocrx_word' id='word_1_219' title='bbox 505 4289 610 4369; x_wconf 86' lang='lat' dir='ltr'>cupias</span> <span class='ocrx_word' id='word_1_220' title='bbox 633 4288 716 4367; x_wconf 85' lang='lat' dir='ltr'>ipsa,</span> <span class='ocrx_word' id='word_1_221' title='bbox 745 4308 872 4350; x_wconf 75' lang='lat' dir='ltr'>strauere</span> <span class='ocrx_word' id='word_1_222' title='bbox 893 4290 1005 4354; x_wconf 84' lang='lat' dir='ltr'>sinaut.</span> 
     </span>
    </p>
   </div>
   <div class='ocr_carea' id='block_1_6' title="bbox 0 0 1238 4838">
    <p class='ocr_par' dir='ltr' id='par_1_6' title="bbox 0 0 1238 4838">
     <span class='ocr_line' id='line_1_33' title="bbox 0 0 1238 4838; baseline 0 3"><span class='ocrx_word' id='word_1_223' title='bbox 0 0 1238 4838; x_wconf 95' lang='lat' dir='ltr'> </span> 
     </span>
    </p>
   </div>
  </div>
 </body>
</html>
