2468 4838
96 609 137 651 xa
508 585 566 648 DE
588 582 708 650 POESI

71 774 75 781 '
182 763 278 828 Flava
300 759 412 849 Ceres,
433 760 491 824 tibi
512 759 552 823 sit
573 769 681 821 nostro
703 755 741 821 de
763 779 837 822 rure
858 779 978 822 corona

228 878 355 960 Spicea,
378 898 458 962 quae
480 877 588 956 templi
606 873 742 958 pendeat
766 887 837 937 ante
859 875 963 939 fores:

184 992 388 1076 Pomosisque
410 993 508 1055 ruber
530 1005 632 1054 custos
653 1004 791 1074 ponatur
810 991 844 1051 in
863 990 982 1062 hortis,

229 1109 361 1169 Terreat
381 1117 417 1167 ut
434 1126 526 1168 saeva
551 1106 628 1166 lalce
647 1107 780 1187 Priapus
802 1125 884 1168 aues.

185 1221 252 1284 Vos
274 1241 416 1303 quoque,
437 1221 534 1284 felicis
555 1221 714 1304 quondam
738 1241 821 1283 nunc
839 1218 988 1302 pauperie
1009 1219 1076 1299 agii

230 1334 392 1416 Custodes,
413 1335 501 1398 sertis
522 1357 654 1397 munera
673 1349 794 1417 veens,
816 1335 925 1398 Lares.

103 1454 261 1540 Splendor
285 1459 385 1520 cultus
417 1456 517 1520 divini
543 1458 733 1519 luculentior
760 1455 797 1518 in
826 1456 1024 1518 urbanorum
1046 1464 1125 1516 tem·

103 1575 230 1653 plorum
263 1572 397 1653 publicis
426 1571 520 1633 sacris
553 1583 583 1633 et
613 1568 809 1634 sacerdotum
832 1571 1010 1635 numerosis
1032 1570 1126 1634 colle·

103 1688 178 1766 giis3
217 1686 363 1749 Tibullus
399 1699 502 1749 autem
539 1683 781 1750 domesticorum
813 1706 974 1751 sacrorum
1005 1686 1127 1768 privata

105 1801 256 1863 solcnmia
271 1801 406 1865 maxime
424 1801 556 1878 amabat,
578 1813 615 1862 ut
633 1801 771 1862 natalitia
791 1801 930 1864 carmine
950 1798 1128 1877 ostendunt,

92 1927 138 1978 2et
157 1915 311 1978 ruralium
330 1914 519 1994 religionum
540 1914 620 1974 ritus
642 1935 677 1977 ac
700 1910 822 1992 gaudia.
871 1911 975 1991 Quam
995 1915 1127 1997 pulchre

106 2026 246 2111 depingit
274 2030 352 2090 haec
379 2028 459 2089 saeta
486 2046 557 2088 cum
584 2026 685 2109 epulis
708 2028 853 2089 lucorum
873 2027 1016 2111 iocisque
1038 2039 1129 2111 peta·

106 2145 243 2208 lantibus
261 2147 428 2222 iuvenum,
450 2143 507 2206 ubi
529 2163 594 2205 non
619 2144 720 2205 rubor
740 2143 815 2208 vino
837 2139 964 2206 madere
988 2153 1130 2205 ursam

108 2274 139 2325 et
158 2264 239 2325 male
260 2264 343 2324 ferre
363 2257 476 2343 pedes!
520 2259 571 2323 Sic
593 2260 783 2322 ambatualia
805 2279 862 2321 sua
884 2255 1035 2321 describit
1045 2256 1132 2353 ¹¹24·

107 2388 140 2440 et
166 2378 245 2440 alius
274 2378 378 2441 suavis
406 2379 501 2441 huius
532 2377 654 2457 generis
681 2377 769 2440 locus
797 2385 845 2438 est
871 2374 912 2453 Il,
937 2377 969 2452 ὃ,
998 2379 1041 2435 87
1062 2392 1133 2459 sqq.

3 2542 7 2551 .
107 2491 211 2574 Atque
238 2491 317 2551 haec
345 2488 473 2574 quidem
500 2492 579 2553 loeta
608 2503 696 2569 sunt3
727 2490 852 2569 negotia
882 2497 955 2551 ante
983 2484 1133 2552 vidimus.

109 2601 262 2667 Claudum
282 2624 364 2687 quae
386 2605 475 2666 sutili
495 2605 633 2685 generali
658 2603 886 2667 observatione.
928 2600 968 2665 In
992 2621 1134 2687 quanm

108 2720 189 2782 inest
209 2717 325 2780 horum
345 2717 500 2795 omnium,
524 2738 605 2800 quae
629 2715 779 2795 vidimus,
800 2717 938 2781 suavitas
958 2736 1084 2781 summa
1104 2727 1135 2779 et

109 2833 299 2915 praestantia
323 2829 494 2893 secundum
520 2826 705 2892 Tibullum?
750 2832 786 2894 ln
816 2831 1013 2915 simplicitate
1041 2852 1136 2915 prae·

111 2947 212 3009 clara:
243 2945 344 3030 qualis
371 2945 455 3007 enim
479 2945 555 3006 olim
583 2944 644 3007 luit
673 2944 851 3027 simplicitas
877 2944 959 3008 vitae
985 2945 1137 3027 pulcher·

110 3058 192 3121 rima
212 3060 349 3140 mythico
378 3070 537 3140 tempore,
567 3074 639 3119 cum
669 3057 811 3122 noudum
837 3056 952 3121 divitiis
975 3057 1137 3122 inhiarent

110 3171 271 3248 homines,
298 3172 393 3235 buius
420 3182 562 3254 superest
585 3168 744 3254 hodieque
767 3169 939 3235 similitudo
959 3173 995 3235 in
1019 3173 1139 3236 rustica

111 3285 193 3366 vita,
215 3286 251 3347 in
270 3278 395 3350 rusticis
418 3288 577 3365 moribus,
599 3285 748 3367 negotiis,
777 3286 880 3365 festis,
908 3287 1138 3370 voluptatibus,

112 3398 376 3486 quemadmodum
404 3401 468 3465 iam
494 3400 674 3464 adolescens
702 3401 848 3464 Tibullus
876 3404 998 3484 egregie
1029 3404 1137 3484 sensit,

112 3538 185 3580 cum
212 3517 346 3599 primam
375 3518 504 3598 elegiam
532 3539 622 3580 suam
649 3514 693 3601 (1,
721 3513 785 3599 to.)
815 3518 977 3580 scriberet.
1029 3521 1137 3603 Atque

111 3630 206 3695 huius
229 3629 339 3693 idealis
358 3631 562 3713 simplicitatis
582 3633 686 3717 imago
713 3644 749 3693 ut
772 3631 877 3694 animo
901 3631 987 3694 Albii
1010 3630 1138 3714 penitus

111 3747 280 3827 insidebat,
306 3747 351 3811 ita
379 3744 640 3831 descriptionibus
666 3748 752 3810 ruris
776 3747 905 3830 poeticis
931 3747 998 3808 eius
1029 3748 1140 3809 subest

113 3865 269 3928 omnibus.
310 3860 472 3926 Addamus
488 3861 622 3946 denique
639 3859 725 3945 quod
744 3864 847 3925 solum
867 3860 918 3921 hic
937 3871 1035 3922 restat
1052 3878 1140 3922 com-

112 3976 366 4058 memorandum,
396 3977 626 4062 oppositionem
648 3978 775 4041 militiae
799 3976 938 4058 bellique
965 3973 1037 4037 dico
1063 3993 1140 4038 vere

112 4089 337 4170 Tibullianam,
367 4108 403 4158 ut
425 4097 608 4159 absolvatur
628 4109 739 4159 totum.
788 4093 909 4172 Nempe
932 4099 1029 4171 poeta
1051 4109 1141 4170 egre·

113 4206 161 4285 gIe
182 4206 244 4269 iam
265 4208 297 4270 in
321 4210 423 4289 primo
445 4214 582 4275 carmine
603 4208 648 4296 (1,
671 4207 748 4293 1o.),
771 4207 1003 4289 cumprimum
1026 4222 1143 4268 avoca·

114 4330 202 4382 retur
224 4320 264 4384 ad
284 4321 437 4404 stipendia
459 4323 624 4401 merenda,
653 4325 785 4406 opponit
807 4322 868 4383 sibi
892 4320 968 4383 belli
995 4318 1142 4402 pericula
