2468 4838
512 599 697 664 'llBULLL
987 627 1111 669 nxxxm

77 775 124 839 bis
145 771 286 837 eandem
307 764 441 836 fonnem
463 784 499 832 nt
520 770 618 835 vides.
668 769 731 835 Sed
753 773 847 836 etiam
868 774 976 838 tertius
998 776 1107 842 sirarilis

78 893 165 954 locus
187 900 297 951 exstat
323 887 358 951 in
381 888 442 951 hoc
464 888 600 956 carnrine
626 909 657 954 v.
670 895 767 952 83-
788 887 954 968 adfinem,
975 893 1031 955 ubi
1051 891 1106 956 ad·

79 1016 211 1069 ventum
234 1027 252 1067 e
271 1003 413 1087 Corcyra
430 1018 591 1087 speratum
608 1002 763 1068 describit.
803 1008 849 1069 Ac
867 1009 1004 1091 primum
1024 1010 1106 1089 dicit,

81 1123 116 1183 in
137 1140 206 1205 qno
225 1133 312 1182 statu
328 1120 470 1183 invenire
488 1121 594 1204 cupiat
609 1124 766 1204 puellams
789 1121 895 1186 sedeat
912 1124 1004 1187 Delia
1025 1139 1106 1189 casta

81 1257 215 1317 vespere
243 1256 315 1297 cum
337 1246 436 1297 matre
461 1234 545 1296 inter
573 1235 712 1299 ancillas.
752 1235 836 1299 Tum
853 1252 1043 1319 praeparata
1064 1239 1107 1301 sic

84 1352 236 1416 suavitate
265 1350 435 1428 adventus,
464 1350 609 1434 sequitur
634 1351 686 1414 hic
714 1352 782 1434 ipse
810 1364 841 1415 et
864 1351 1031 1415 laetissima
1057 1374 1108 1414 re·

86 1465 204 1546 ceptio,
239 1462 327 1547 quod
355 1463 511 1543 fastigium
540 1463 764 1547 descriptionis.
819 1467 856 1528 ln
888 1487 953 1549 quo
983 1466 1106 1530 attende

86 1580 180 1639 etiam
201 1576 356 1640 orationis
377 1578 559 1641 alacriorem
578 1579 730 1641 formam:
757 1589 825 1668 tuna
843 1580 969 1648 veniam
991 1583 1107 1660 subito,

86 1704 162 1756 tnnc
189 1692 269 1754 mibi
297 1680 423 1756 obviam
454 1714 555 1755 curre.
612 1693 669 1756 Est
696 1715 808 1774 magna
839 1693 1041 1776 pulchritudo
1071 1698 1107 1759 in

87 1830 186 1889 parva
208 1805 430 1890 descriptione.
471 1809 576 1893 Atque
597 1808 674 1871 haec
696 1807 735 1870 de
757 1810 817 1872 bia.
859 1809 975 1873 Vidisti
995 1812 1029 1872 in
1051 1831 1108 1872 an-

86 1920 302 1984 tecedentibus
331 1934 549 2004 praeparatam
579 1924 707 1984 alteram
735 1935 858 2005 partem
891 1922 1108 2006 descriptionis

87 2037 205 2116 priore.
248 2035 368 2099 Contra
381 2036 569 2120 insequenti
584 2039 729 2119 exemplo
746 2037 786 2115 Il,
797 2039 826 2116 4,
836 2044 956 2102 27-38.
971 2038 1108 2103 secunda

89 2170 160 2230 pars
179 2147 244 2212 loci
263 2162 395 2232 propter
412 2149 550 2231 priorem
570 2146 667 2212 adest.
710 2149 853 2214 liabetur
870 2153 917 2217 ibi
934 2155 1107 2218 exsecratio

88 2264 255 2344 luxuriae,
292 2278 324 2327 et
352 2262 480 2329 damnat
510 2263 639 2328 affectus
668 2265 771 2329 statim
797 2265 904 2344 initio,
943 2279 979 2328 ut
1006 2267 1107 2346 debet,

88 2381 156 2461 ipsa
187 2392 373 2443 ornamenta
400 2380 531 2443 vestitus
560 2392 763 2458 enumerans,
804 2391 873 2442 tum
899 2382 996 2444 melas
1028 2393 1110 2444 artes

88 2495 269 2576 puellarum
292 2505 322 2556 et
348 2513 513 2555 aerumnas
538 2493 670 2554 amantis
698 2493 912 2575 persequitur,
944 2495 1110 2558 absolvens

90 2610 321 2695 werimbriam
353 2605 429 2671 dnm
457 2607 611 2670 rationem
642 2605 746 2668 reddit
774 2608 850 2669 irae.
910 2608 1012 2671 Etiam
1040 2613 1110 2673 talis

90 2725 171 2786 ratio
202 2724 299 2786 bona.
356 2719 419 2783 Sed
447 2721 525 2782 baec
556 2719 649 2782 allata
677 2720 822 2801 exempla
849 2732 886 2782 ut
913 2721 1036 2801 suavia,
1066 2723 1112 2786 ita

92 2840 244 2921 simplicia
274 2838 395 2917 omnia3
434 2838 540 2918 paullo
570 2834 760 2897 luculentior
793 2846 838 2898 est
867 2835 897 2915 1,
921 2845 957 2915 2,
981 2838 1110 2901 16-42.

90 2955 186 3017 trium
199 2951 445 3035 descriptionum
459 2951 638 3015 coniunctio
654 2951 702 3013 his
719 2950 877 3014 interioris
892 2954 1109 3018 cohaerentiae

92 3068 226 3133 menn
256 3088 359 3144 nexa,
402 3088 483 3149 quae
514 3065 679 3145 pulchram
712 3063 855 3144 peritiam
888 3068 962 3129 artis
995 3067 1112 3148 prodit.

92 3184 204 3266 Agitur
224 3184 271 3246 ibi
290 3181 330 3245 de
350 3185 448 3251 tutela
467 3182 618 3257 Veneris,
647 3180 681 3240 in
703 3199 766 3260 qua
788 3179 850 3240 sint
871 3192 1009 3243 ornantes
1016 3224 1026 3257 ,
1055 3184 1112 3243 tri·

92 3299 216 3380 pliciter
241 3297 303 3361 sic:
330 3296 458 3374 Venus,
487 3295 545 3372 ait,
576 3304 658 3354 artes
683 3291 816 3354 furtivas
842 3288 956 3371 docet,'
978 3296 1115 3375 protegit

94 3425 221 3474 cuntem
241 3423 338 3474 noctu
357 3411 393 3472 in
414 3408 480 3486 via,
507 3419 538 3478 ct
557 3403 734 3487 proditores
755 3407 903 3488 loquaces
921 3406 1025 3488 punit.
1066 3409 1114 3470 lta

94 3548 170 3591 vero
192 3526 292 3588 iuncti
317 3537 392 3588 sunt
412 3525 448 3586 hi
469 3525 547 3600 loci,
575 3519 840 3606 quemadmodum
864 3520 1113 3585 Commentarius

95 3640 201 3718 docet,
220 3653 258 3703 ut
272 3639 393 3703 medius
409 3651 441 3701 et
455 3638 771 3720 primnm'confirmct
787 3637 950 3717 proposito
967 3639 1112 3717 exemplo

94 3755 192 3835 ipsius
214 3765 343 3835 poetae,
370 3765 402 3816 et
425 3753 509 3814 tertii
530 3752 724 3814 hortationes
746 3751 778 3813 vi
800 3770 858 3812 sua
879 3747 1020 3825 adiuvet,
1050 3770 1113 3830 qua

95 3867 322 3948 compositione
353 3865 433 3928 nihil
463 3865 582 3928 ffindue
611 3878 643 3925 et
673 3862 848 3926 nervosius.
906 3861 978 3923 Alia
1009 3874 1115 3924 tamen

98 3981 240 4062 exempla
263 4000 329 4042 non
351 3977 475 4041 adsunt.

159 4094 335 4178 Postquam
356 4093 532 4173 singulatim
554 4089 710 4171 persecuti
730 4107 838 4150 sumus
859 4087 975 4150 formas
996 4107 1115 4165 omnes,

10 4266 12 4287 ,
100 4211 212 4291 quibus
234 4230 310 4272 usus
332 4209 477 4272 Tibullus
496 4211 531 4271 in
552 4205 812 4288 descriptionibus
834 4201 1037 4280 adornandis,
1064 4224 1116 4266 re·

101 4333 215 4384 statut
239 4323 394 4385 nonnulla
418 4323 587 4400 generatim
616 4318 774 4383 addamus.
832 4317 914 4379 Sunt
935 4332 1115 4397 aspramente

763 4430 779 4490 l
797 4438 816 4491 2
