2468 4838
101 789 178 875 quid
205 788 339 855 meditor
366 805 397 856 et
426 792 529 857 scribo
551 815 627 875 prae
658 797 768 859 ceteris
798 800 837 860 ab
863 800 985 865 amiciet
1018 801 1067 863 his
1095 804 1121 863 si

101 933 176 1019 quid
199 937 315 1017 placet,
344 936 478 998 maxime
501 938 615 1015 laetor,
635 939 675 999 ab
696 939 745 1001 his
767 937 845 1023 quid
866 944 1035 1007 erraverim
1056 946 1122 1026 pri-

100 1104 188 1145 mum
209 1083 331 1145 moneri
353 1094 384 1145 et
405 1082 511 1145 doceri
532 1085 635 1166 cupio.
677 1086 724 1147 Ita
741 1088 834 1150 etiam
855 1110 939 1151 nune
954 1113 1049 1174 quam
1069 1115 1121 1154 ve-

99 1226 154 1287 lim
175 1225 277 1287 Vobis
297 1246 337 1285 ue
359 1222 518 1306 displiceat
539 1226 637 1304 liber,
659 1247 750 1308 quem
774 1224 849 1289 edo!
877 1227 1018 1309 Agedum
1043 1235 1122 1295 ecci-

99 1370 164 1451 pite
188 1366 263 1452 quid
278 1368 392 1447 egerim
414 1380 466 1429 sut
479 1368 634 1430 voluerim
657 1389 758 1447 agere.
800 1370 875 1431 Post
890 1374 1043 1452 egregiam
1060 1373 1121 1437 Ca-

99 1510 162 1571 roli
193 1508 388 1571 Lachmanni
419 1506 633 1571 recensionem
665 1510 879 1593 maximopere
912 1513 1037 1596 impulit
1069 1538 1119 1578 me

101 1652 240 1729 aniame,
268 1664 303 1713 ut
325 1672 452 1733 operam
475 1672 574 1712 meam
592 1653 624 1713 iu
647 1652 903 1734 interpretatione
926 1657 989 1718 cari
1011 1670 1121 1737 poetae

99 1815 266 1877 ponerem,
301 1818 395 1880 quam
424 1810 456 1859 et
482 1798 583 1879 ipsam
609 1798 826 1861 emendatione
856 1821 944 1880 egere
966 1800 1121 1864 videbam.

99 1939 203 2022 Atque
224 1941 284 2001 hoc
307 1940 376 2000 feci.
429 1936 553 2022 Sequor
576 1938 670 2019 igitur
689 1940 902 2002 recensionem
925 1940 1121 2003 Lachmanui

100 2083 175 2157 mei,
211 2081 272 2143 nisi
297 2078 384 2164 quod
411 2082 526 2163 passim
555 2081 699 2158 discessi,
740 2093 771 2142 et
800 2084 918 2145 mutavi
949 2086 1120 2146 nonnullos

99 2230 204 2305 locos,
231 2230 287 2292 ubi
309 2228 384 2312 quid
407 2231 580 2309 genuinum
606 2243 700 2307 esset,
723 2230 778 2292 uix
803 2227 940 2291 dubitari
960 2249 1051 2310 posse
1073 2230 1120 2292 ui-

100 2368 246 2442 deretur:
268 2369 307 2431 de
333 2370 478 2433 universe
499 2392 575 2432 uero
591 2370 724 2431 lectione
744 2382 780 2431 ut
801 2371 945 2447 habetur,
967 2369 1004 2431 ad
1019 2369 1121 2431 Lach-

98 2514 207 2576 mauni
228 2517 346 2577 librum
368 2516 471 2593 relego
495 2515 658 2590 lectorem,
688 2513 744 2594 qui
765 2513 955 2574 recensionis
977 2532 1051 2573 suae
1069 2534 1120 2573 ra·

98 2660 218 2721 tionem
232 2670 373 2721 accurate
388 2660 534 2741 exposuit
545 2673 575 2722 et
589 2658 737 2720 lectiones
752 2658 905 2719 librorum
920 2676 1048 2717 suorum
1062 2656 1120 2715 sub

99 2812 187 2862 textu
208 2798 357 2863 iudicavit
378 2818 497 2862 omnes.
539 2798 625 2859 Haec
648 2796 742 2857 editio
765 2797 924 2875 praeclara
946 2791 1065 2853 dudum
1089 2794 1120 2853 iu

101 2945 243 3007 omnium
265 2943 411 3006 manibus
429 2954 490 3020 est3
512 2962 568 3022 ego
588 2940 730 3019 excerpsi
750 2934 969 2999 tantummodo
988 2936 1122 3016 potiora,

101 3100 136 3149 ut
154 3087 204 3163 fit,
226 3108 266 3149 ex
284 3086 372 3149 varia
391 3084 541 3160 lectione,
562 3080 688 3145 adiectis
703 3092 807 3143 tamen
823 3080 985 3160 Excerptis
1003 3079 1122 3141 Frisiu-

100 3232 254 3312 geusibus,
265 3252 386 3293 mecum
399 3229 630 3293 aLachmanuo
643 3224 887 3300 cenununicatis,
899 3235 1035 3284 ceterum
1050 3224 1121 3283 bre·

99 3378 182 3443 viter
200 3391 312 3441 notans
328 3374 405 3460 quid
422 3372 635 3456 probandum,
661 3368 735 3453 quid
752 3366 978 3450 spernendum,
1000 3368 1122 3451 reliqua

102 3519 312 3604 Explicationi
330 3536 512 3592 reservans,
533 3514 589 3577 ubi
610 3507 765 3597 quidquid
789 3512 901 3572 harum
923 3530 1029 3572 rerum
1051 3531 1121 3571 etun

102 3662 360 3745 interpretatione
377 3661 588 3733 coniunctum,
610 3656 754 3720 disertius
775 3656 961 3738 plerumque
983 3654 1122 3715 tractati.

101 3806 153 3869 De
174 3807 431 3887 interpretatione
453 3817 557 3865 autem
578 3824 647 3865 mea
669 3802 730 3864 iam
754 3803 832 3863 haee
854 3796 985 3860 dicenda
1009 3798 1123 3858 habeo.

102 3948 322 4011 Recordamini
345 3946 420 4031 quid
442 3960 578 4011 statuant
599 3949 693 4026 strigo
717 3944 755 4005 de
776 3942 899 4005 ratione
919 3942 1032 4003 horum
1056 3961 1123 4002 car·

103 4089 242 4165 minum,
263 4112 331 4152 cum
357 4112 397 4152 ue
419 4089 457 4151 de
480 4089 634 4168 Scaligero
657 4087 774 4161 dicam,
794 4084 937 4167 Heyuius
962 4086 993 4145 in
1018 4080 1124 4143 multis

104 4232 277 4313 fragmenta
299 4244 422 4295 tantum
443 4254 501 4297 uos
527 4247 635 4296 tenere
657 4227 838 4303 crediderit,
872 4225 924 4287 alii
952 4222 1124 4283 deleverint

106 4374 233 4461 quidem
253 4379 437 4440 lacunarum
467 4378 572 4458 signe,
597 4394 700 4457 neque
722 4384 824 4433 tamen
853 4368 1003 4429 cessitatem
1024 4363 1124 4443 poeti·
