2468 4838
174 647 272 689 cxxvi
572 624 630 687 DE
655 620 774 693 POESl

171 793 436 882 quemadmodum
455 796 599 879 pluribus
619 797 652 857 in
670 794 903 859 Commentario
923 795 963 861 ad
981 797 1073 862 illum
1090 800 1192 864 locum

171 914 318 997 explicui.
360 912 477 977 Similia
499 930 551 975 ree
571 912 605 973 in
627 912 705 975 ltoc:

254 1044 395 1109 Ureutur
417 1040 527 1120 iacies,
554 1052 688 1103 urentur
707 1041 773 1103 nole
794 1039 914 1123 capilli,

295 1157 426 1218 Deteret
444 1150 599 1217 invalidoa
620 1164 651 1215 et
671 1152 723 1216 via
743 1151 836 1235 longa
857 1151 963 1235 peden.

170 1304 199 1352 et
220 1290 254 1351 in
276 1290 353 1352 ltoct

251 1404 383 1467 Frustra
403 1401 465 1464 inm
490 1409 607 1476 vestes,
636 1398 754 1461 inuatra
775 1409 936 1463 mutantur
957 1398 1107 1481 amicitie,

291 1516 439 1597 Ansaque
461 1532 654 1594 compreaeoe
676 1508 793 1591 colligit
812 1524 880 1575 arta
898 1512 1012 1596 peden,

166 1650 222 1711 ubi
250 1648 433 1710 hexameter
458 1644 608 1727 bipartito
631 1640 670 1705 de
701 1644 918 1725 euperioribuo
947 1644 1092 1728 partibor
1119 1664 1189 1713 oot-

165 1761 269 1843 porie‚
301 1772 494 1843 pentameter
514 1758 554 1822 de
575 1757 708 1842 pedum
730 1760 802 1839 agit.
849 1762 955 1844 Atque
979 1762 1025 1825 ita
1052 1762 1088 1825 in
1108 1764 1187 1828 aliie.

164 1875 281 1939 Vidisti
300 1875 335 1936 iu
357 1876 504 1939 omnibua
521 1874 621 1938 nllatia
637 1875 789 1957 exemplis
805 1872 884 1939 duae
902 1876 1071 1958 primeriaa
1082 1892 1185 1961 parter

164 1989 351 2066 sententiae3
385 1987 453 2050 dixi
479 2006 556 2051 varo
587 1987 680 2049 etiam
708 1986 899 2071 tripartitam
920 1986 1108 2057 divitiorem
1134 2012 1185 2054 re·

162 2103 262 2183 periri
281 2100 449 2165 interdum.
490 2100 542 2165 sic
561 2102 597 2164 iu
616 2102 695 2165 hoe:

246 2231 319 2296 Neu
344 2231 476 2314 etrepitu
500 2242 614 2295 terrete
638 2227 771 2313 pedum,
802 2251 864 2295 neu
892 2234 1036 2315 quaerite
1058 2253 1182 2301 nomen.

288 2346 362 2412 Neu
384 2369 484 2432 prope
506 2347 638 2428 fulgenti
658 2347 778 2410 lumina
799 2346 878 2411 lerte
898 2348 986 2428 sace,

161 2493 190 2541 et
212 2481 245 2541 iu
268 2482 345 2543 hoc:

244 2592 310 2657 Ure
334 2614 440 2656 meum
461 2590 569 2675 potius
589 2592 714 2655 flamma
736 2603 845 2675 caput,
870 2606 901 2657 et
921 2605 995 2677 peta
1016 2594 1105 2662 terro

286 2708 428 2790 Cot-pua,
456 2718 488 2769 et
505 2706 625 2770 intorto
645 2708 777 2771 verbere
799 2718 886 2789 terga
906 2728 987 2773 aeon.

159 2842 271 2925 Neque
290 2852 396 2903 tamen
418 2840 568 2921 frequens
585 2858 654 2919 ree3
681 2839 819 2922 legitima
840 2852 889 2904 eet
902 2840 1053 2925 bipartita
1070 2843 1183 2909 forma.

157 2952 207 3015 Ad
229 2956 309 3015 hauc
330 2953 424 3031 igitur
443 2948 627 3023 redeamus,
660 2963 691 3014 et
710 2974 938 3037 persequamur
956 2977 1044 3019 nune
1065 2970 1183 3023 ceterae

158 3065 363 3129 distichorum
383 3064 511 3142 formae,
530 3065 566 3126 in
583 3065 697 3147 quibua
716 3088 753 3128 ea
774 3080 944 3150 comparat.
984 3072 1183 3156 deprimam

158 3180 285 3263 quidem
306 3192 352 3243 eet
373 3180 429 3242 ubi
449 3180 594 3262 opposita
610 3184 764 3246 sententia
781 3181 958 3265 praecedit,
978 3196 1049 3251 tuna
1069 3184 1181 3254 diriaio

158 3299 317 3381 sequitur,
344 3294 434 3360 utin
454 3295 521 3359 hia:
1145 3276 1150 3283 Ι

240 3420 292 3479 Tu
314 3416 426 3476 Manae
450 3434 491 3475 na
512 3413 602 3477 laede
625 3434 728 3496 meoa,
757 3415 812 3481 ned
836 3438 932 3501 parce
954 3420 1068 3485 tolutie

285 3526 435 3589 Crinibus
457 3538 488 3588 et
507 3526 640 3604 tenerit,
669 3528 780 3607 Delia,
811 3551 905 3614 parce
926 3533 1026 3613 genia.

240 3696 306 3762 Nec
329 3694 420 3760 docet
439 3698 500 3762 hoc
522 3719 650 3778 omnen,
673 3698 729 3763 aed
752 3722 832 3785 quoa
854 3722 912 3766 nee
931 3700 1046 3767 inertia
1067 3700 1179 3781 tardat,

282 3812 348 3878 Nee
370 3824 455 3876 vetat
477 3812 611 3876 obscura
633 3833 759 3893 turgere
780 3827 874 3878 nocte
894 3814 1001 3879 timor.

631 3926 702 3941 ῌ

238 3986 305 4049 Nec
325 3981 461 4068 pecudes
483 3984 568 4049 velut
589 3996 660 4047 ante
681 3984 760 4065 petit
782 3981 917 4091 (φὴς
937 3987 1045 4053 lixiate
1057 3989 1177 4071 puellae

279 4100 380 4163 Geatit
403 4113 435 4163 et
456 4100 588 4165 audacer
613 4101 830 4184 perdomuieee
850 4102 948 4165 viroa.

151 4233 187 4291 ln
210 4230 278 4293 aliia
299 4234 377 4296 locia
398 4237 551 4299 sententia
571 4239 661 4320 prior
679 4239 833 4319 generalia
857 4251 913 4316 eet,
937 4239 1083 4321 requitur
1104 4258 1177 4321 ape·

153 4342 236 4403 cinlia
261 4341 359 4405 divina
384 4349 542 4426 partibus:
576 4336 581 4347 ⁶
