2468 4838
490 617 671 682 TlBULLl.
1031 642 1089 685 xxa

149 790 186 850 ln
201 785 342 852 secundo
362 790 445 852 libro
467 790 560 853 aliam
582 801 714 854 amatam
730 792 849 856 Tibulli
871 793 1084 873 cognoscimus

58 902 234 983 Nemesim,
251 916 378 986 praeter
400 925 496 990 quam
518 928 589 968 cum
607 906 758 968 Horatius
782 903 832 969 otl.
851 908 874 986 l,
891 912 942 969 33.
986 910 1085 992 Glyce-

58 1040 126 1081 ram
141 1031 305 1099 memoret,
325 1020 464 1101 prunum
479 1016 519 1079 tie
534 1020 594 1081 hac
610 1015 779 1083 videamus.
820 1018 906 1081 Dicit
918 1020 1083 1086 Horatius:

321 1134 405 1215 Albi,
424 1156 465 1196 ne
487 1133 593 1197 doleas
613 1135 686 1217 plus
710 1135 816 1212 nimio,
836 1156 956 1199 memor

322 1254 452 1317 Immitis
475 1253 636 1336 Glycerae,
655 1272 718 1315 neu
740 1251 931 1315 miserabiles

321 1366 477 1431 Decantes
498 1368 610 1450 elegos,
631 1390 688 1432 cur
709 1370 767 1434 tibi
787 1368 895 1434 iunior

492 1480 593 1545 Lessa
613 1485 785 1565 praeniteat
806 1481 877 1547 lide.

148 1595 257 1661 Fuisse
285 1596 451 1680 Glyceram
475 1596 606 1662 eandem
632 1619 703 1662 cum
725 1599 819 1663 Delia
841 1612 872 1661 et
892 1599 1083 1661 miserabiles

60 1714 166 1792 elegos
187 1713 305 1775 librum
326 1688 452 1777 tertium
475 1712 635 1795 Spolmius
660 1712 819 1776 uberrime
838 1711 1083 1778 demonstratum

57 1825 136 1899 isit,
164 1823 219 1887 sat
248 1826 375 1888 lrnstra.
424 1825 499 1888 Non
523 1826 650 1889 immitis
679 1838 747 1889 erat
773 1825 868 1890 Delia
892 1846 996 1912 neque
1024 1827 1085 1888 hoc

56 1956 180 1999 nomen
208 1940 275 2002 ullo
305 1938 402 2003 modo
429 1942 464 2003 in
493 1963 561 2005 eam
590 1941 739 2027 quadrat3
772 1963 829 2005 nec
861 1940 949 2026 quod
978 1942 1085 2003 iunior
1167 2008 1170 2013 ,

56 2058 236 2136 praeniteat
265 2058 409 2140 queritur
437 2058 473 2118 in-
502 2059 691 2121 carminibus
724 2056 763 2120 ad
787 2058 912 2121 Deliam
933 2057 1086 2131 Tibullus,

56 2168 114 2232 ssd
144 2168 233 2253 qnod
261 2169 366 2234 ditior.
423 2171 521 2234 Liber
547 2172 656 2234 tertius
685 2191 761 2235 vero
793 2172 961 2235 certissimo
990 2171 1086 2231 alium

57 2299 223 2350 auctorem
247 2288 368 2350 habet·
402 2285 508 2364 Quare
538 2287 631 2347 etiam
659 2287 849 2349 miserabiles
877 2287 952 2349 istos
984 2287 1086 2364 elegos

57 2404 103 2464 sic
131 2404 184 2465 hic
212 2423 279 2465 non
306 2404 456 2486 reperias.
504 2404 632 2467 Monuit
660 2403 737 2464 baec
765 2400 829 2463 iam
856 2400 1021 2463 Passovius
1051 2401 1084 2460 in

57 2518 212 2585 Seebotiii
235 2519 360 2584 Horreo
381 2520 490 2602 philol.
514 2535 545 2582 et
567 2518 698 2601 paedag.
728 2538 802 2581 ann.
830 2522 923 2580 1825.
951 2518 1025 2577 fase.
1047 2516 1086 2592 Il,

57 2657 94 2714 p.
117 2638 179 2693 189
201 2654 270 2717 sqq.
297 2635 355 2696 ubi
381 2647 490 2698 contra
519 2656 588 2698 eam
616 2635 800 2698 sententiam
830 2629 1010 2694 omnimodo
1031 2631 1086 2693 iir-

59 2769 151 2811 mare
175 2749 292 2827 stodet,
321 2771 402 2834 quae
435 2752 510 2815 olim
539 2750 696 2831 Scaligero
724 2750 900 2831 placuerat,
926 2744 1086 2807 Nemesim

58 2860 159 2923 luisse
182 2862 358 2944 Glyceram.
400 2864 504 2947 Atque
527 2865 587 2926 hoc
610 2882 726 2926 nomen
749 2880 860 2926 verunt
880 2859 976 2922 fuisse
995 2861 1086 2940 puel·

59 2977 120 3050 lae,
140 2976 275 3039 alterum
295 2977 403 3039 lictum
424 2990 456 3039 et
472 2977 639 3058 poeticum.
682 2973 746 3039 Sed
766 2975 894 3037 minime
914 2975 992 3038 milti
1014 2995 1084 3054 per·

62 3090 159 3150 suasit
179 3092 346 3156 Pasaovius
367 3092 448 3154 hanc
470 3094 669 3171 sententiam3
690 3092 768 3155 ferri
789 3091 883 3153 etiam
905 3093 983 3153 baec
1005 3095 1085 3153 ratio

65 3206 184 3284 nequit.
225 3205 370 3267 Primum
391 3206 474 3268 enim
496 3202 583 3289 quod
604 3204 676 3269 slata
697 3224 794 3288 opera
815 3205 958 3286 exponit,
979 3205 1085 3267 fictum

66 3330 95 3378 et
115 3322 271 3400 poeticum
292 3342 409 3384 nomen
428 3321 563 3384 eundem
585 3342 765 3400 numerum,
789 3341 885 3407 quam
909 3340 1032 3397 verum,
1055 3331 1085 3381 et

69 3434 267 3512 quantitatem
289 3432 420 3496 eandem
444 3437 637 3518 syllabarum
657 3436 787 3514 babere,
813 3448 850 3498 ut
871 3439 1003 3499 alterum
1023 3454 1084 3517 pro

73 3546 166 3608 altero
184 3550 271 3611 salvo
293 3561 396 3613 metro
417 3551 564 3613 substitui
584 3551 698 3631 possit,
722 3571 798 3615 vera
816 3568 867 3613 res
888 3571 947 3633 per
967 3571 1016 3627 se,
1046 3552 1086 3613 cl.

76 3663 157 3724 etiem
168 3665 387 3729 Weicltertum
409 3667 443 3729 in
464 3666 588 3750 lieliqq.
604 3679 724 3750 poetar.
738 3665 879 3730 Latinor.
893 3690 925 3749 p.
934 3669 996 3727 412
1008 3684 1086 3748 sqq,

80 3773 125 3837 sed
148 3781 224 3843 seire
253 3782 348 3864 cupio
379 3782 540 3867 quomodo
569 3785 602 3845 in
633 3784 682 3847 bis
710 3778 900 3846 carminibus
924 3783 964 3857 ll,
986 3783 1015 3858 4,
1035 3786 1087 3843 59.

10 3952 12 3977 ζ
81 3889 128 3952 ubi
143 3896 351 3962 nominativus
372 3899 524 3973 babetur,
546 3894 645 3981 possit
670 3891 792 3980 Glyconi
815 3916 879 3956 mea
900 3914 961 3976 pro
983 3895 1086 3959 Neme-

83 4006 118 4064 δῖε
139 4030 198 4073 meo
227 4032 288 4094 per
317 4023 452 4077 metrum
478 4009 633 4073 substitui.
690 4007 753 4071 sed
782 4009 842 4070 hoc
871 4020 1085 4087 argumentum

84 4114 138 4196 itm
156 4136 297 4189 evertam
347 4125 471 4207 Nempe
495 4121 581 4207 quod
604 4142 670 4185 aon
691 4122 810 4186 notavit
830 4120 1010 4197 Passerins,
1035 4143 1086 4183 re·

85 4233 144 4307 gula
162 4236 218 4301 ista
239 4241 392 4306 sic-certa
414 4255 475 4317 est,
498 4255 534 4303 ut
555 4241 610 4325 qui
631 4241 735 4305 lictum
756 4259 870 4303 nomen
892 4239 1034 4321 posuerit
1052 4241 1083 4299 iu

86 4352 255 4419 caninibus
279 4358 352 4436 auia,
373 4362 433 4422 tale
453 4356 625 4423 censendus
649 4360 689 4422 sit
705 4357 830 4440 elegisse
856 4354 939 4438 quod
962 4357 1086 4437 ‹litanti-
