2468 4838
497 592 687 661 TIBUIaLl.
1028 626 1099 673 enrx

77 781 146 845 epea
169 761 281 826 omnia
304 775 336 826 et
354 763 483 829 fortuna
503 763 609 837 ,nonni
630 768 764 833 nonainie
787 767 985 837 Hasdrubale
1005 770 1102 837 inter-

76 888 179 955 emto,
201 888 260 937 aut
280 876 308 938 ei
329 876 449 939 Graece
470 874 572 940 dicae:
602 869 712 955 δεινά,
742 873 836 948 δειναὶ
857 873 1101 970 πεπόνθαμεν,

77 991 190 1074 quales
212 988 338 1070 tragicis
363 1002 529 1072 tantopere
556 991 773 1076 frequentatae
802 993 940 1059 einedem
960 1000 1047 1061 vocie
1067 1001 1102 1061 in

76 1100 188 1165 eadem
218 1104 377 1169 mutantia
403 1105 616 1186 repetitiones.
672 1105 794 1169 Allerae
823 1127 841 1169 e
868 1108 995 1173 Tibullo
1023 1111 1101 1174 haec

73 1219 105 1295 1,
127 1225 167 1295 a,
190 1224 254 1281 27:

160 1348 258 1412 Nunc
281 1346 357 1426 dee,
383 1369 469 1412 nunc
491 1349 759 1426 euccurre‘mibi,

76 1478 331 1558 mmffiffit

164 1591 373 1677 Tunc-milri,
402 1605 477 1655 tunc
498 1593 643 1673 placeant
665 1591 779 1668 eilvae,

77 1742 184 1804 neque
203 1723 240 1785 in
261 1723 316 1795 tali
338 1721 493 1788 viridiore
521 1724 707 1806 repetitione
730 1723 955 1805 particularum
981 1734 1101 1804 tempo·

76 1835 194 1896 ralium
212 1833 385 1919 quidquam
405 1849 451 1898 eet
470 1835 555 1920 quod
572 1857 637 1900 non
656 1836 822 1900 conveniat
835 1837 884 1898 hie
903 1835 1102 1911 carminibue,

75 1968 153 2009 vera
175 1958 279 2009 autem
300 1950 348 2011 vie
369 1949 487 2031 figurae
507 1950 564 2011 ubi
585 1950 793 2027 substantiva,
815 1946 982 2025 adiectiva,
1002 1949 1101 2011 verba

77 2058 121 2121 eie
146 2072 338 2141 repetuntur
364 2061 584 2142 significantia,
614 2063 739 2142 gravius
762 2075 816 2124 aut
836 2062 962 2124 molliue
984 2050 1102 2132 πάθος

76 2172 174 2236 habet
203 2194 300 2256 quam
328 2195 388 2256 pro
415 2176 608 2257 simplicitate
634 2177 769 2254 Tibulli,
798 2176 896 2241 veluti
917 2173 995 2238 illud
1021 2175 1100 2235 Pro·

75 2287 169 2370 pertii
190 2287 409 2349 mollissimum
432 2288 464 2368 l,
486 2288 545 2367 20,
568 2295 628 2351 32:

160 2418 213 2480 Ala
235 2416 328 2481 dolor
346 2418 413 2480 ibat
434 2420 547 2502 Hylas,
577 2421 660 2497 ibat,
687 2418 935 2504 Hamadryasin,

77 2550 165 2612 nullo
187 2547 285 2612 modo
307 2562 432 2631 poterat
453 2548 556 2612 dicere
577 2550 732 2614 Tibullus.
773 2550 840 2613 Nec
863 2549 998 2633 denique
1016 2572 1099 2633 proa-

74 2663 224 2744 epodoer's,
247 2663 348 2744 qualia
369 2685 400 2725 v.
415 2682 441 2724 c.
461 2664 495 2724 in
517 2663 585 2725 hia:
614 2656 705 2746 βοδν
727 2652 835 2738 titiani,
861 2653 966 2747 βοάν,
989 2663 1099 2743 quaeri

74 2771 170 2837 debet
196 2775 231 2836 in
258 2774 319 2838 hac
347 2776 457 2857 poeei;
492 2794 558 2837 non
587 2775 693 2836 omnia
722 2776 915 2838 conveniunt
942 2776 1098 2839 omnibue.

73 2886 180 2968 Atque
212 2887 290 2948 haec
318 2886 445 2969 quidem
476 2883 514 2947 de
543 2887 602 2949 hie.
654 2887 800 2951 Vidimus
828 2888 908 2967 vim,
947 2889 1096 2969 vigorem,

71 3001 257 3078 gravitatem
277 3001 393 3062 horum
413 2999 619 3078 schematum,
641 3000 764 3084 etquid
784 2998 965 3063 huiusmodi
978 2998 1098 3063 Tibulli
1163 3004 1167 3014 '

71 3115 178 3193 poeeie
200 3113 333 3189 habeon
353 3112 571 3175 recordabitur
587 3133 663 3175 vero
685 3115 783 3175 lector
805 3116 991 3175 nouaclum
1012 3105 1098 3196 erpo'c

72 3213 267 3305 δεινότητα,
290 3222 346 3285 aed
367 3226 459 3286 ctiam
480 3223 537 3289 ἐπὶ
558 3215 711 3312 χάριτος,
734 3223 773 3286 ad
792 3238 986 3295 rentutatem
1009 3222 1098 3285 adhi-

70 3338 143 3400 beri
173 3338 377 3419 rcpetitionee
409 3339 580 3403 verborum
615 3349 646 3399 et
680 3339 785 3399 lucum
817 3358 946 3400 suarem
979 3337 1097 3398 habere

70 3468 166 3531 posse
195 3449 231 3509 in
260 3449 350 3512 certia
376 3452 454 3514 locis
483 3465 513 3513 et
541 3449 717 3526 sententiis,
749 3450 837 3512 cuiue
858 3451 906 3512 rei
930 3450 1025 3532 plena
1051 3460 1099 3511 eet

71 3583 102 3624 v.
119 3585 148 3624 c.
169 3560 329 3643 Propertii
349 3564 455 3645 poesie
478 3575 509 3625 et
529 3565 686 3626 Bucolica.
737 3562 788 3625 Sic
811 3563 882 3646 quie
904 3567 1002 3627 nescit
1024 3585 1054 3628 v.
1070 3584 1098 3625 e.

70 3674 150 3737 haec
173 3674 364 3738 Theocritee
385 3678 565 3759 anaphorae
588 3679 732 3760 exempla
752 3677 847 3755 VIII,
867 3683 905 3740 32

152 3797 285 3888 'quu
313 3797 388 3889 τώγ’
413 3799 501 3888 ᾔτην
529 3804 751 3895 ιιυῤῥοτρίχιι,
782 3800 885 3887 ἄμφω
912 3795 1049 3888 duddo,

195 3910 327 4000 Ἀμφω
355 3914 506 4002 ονρίιιδεν
534 3914 748 4001 δεδαημένοι,
780 3911 882 4001 ἄμφω
912 3910 1040 3995 δείδια,

69 4043 101 4093 et
127 4050 160 4092 t.
179 4034 237 4091 11:

157 4133 328 4227 Χρῄσδας
346 4128 394 4207 ὦν
411 4136 541 4218 ἐσιδεῖν,
561 4131 712 4228 χρῄσδεις
729 4144 933 4205 καταθεῖναι
948 4133 1077 4207 ἄεθλον
1083 4166 1096 4222 5

201 4243 452 4336 Χρῄσδιι.ιοῦτ’
464 4249 593 4329 ἐσιδεῖν,
602 4242 728 4340 χρῂσδω
741 4256 943 4319 καταθεῖναι
956 4247 1098 4322 ἄεθλον.
