2468 4838
489 620 674 688 Tfflmtl·
1026 657 1089 703 xcv

61 806 162 860 totam
187 790 382 856 sanctitatem
408 792 496 856 urbis
523 794 564 857 ad
584 797 739 879 Apollinis
764 798 922 883 latorem,
952 817 983 871 et
1004 829 1088 874 com.

61 911 221 993 plectente
243 909 289 972 sic
315 907 484 990 praeterita
506 920 538 970 at
564 911 672 972 lutura
700 910 751 974 dei
776 914 928 981 beneficia
954 922 1089 1002 publica.

63 1025 163 1104 Igitur
184 1022 278 1105 prior
297 1042 372 1105 pure
391 1021 535 1104 politicas
557 1035 589 1086 et
608 1025 734 1088 bellicas
755 1046 806 1090 res
824 1042 953 1112 tractat,
981 1037 1089 1118 fugam

64 1143 211 1218 Aeneae,
245 1136 417 1201 adrentum
444 1140 480 1202 in
509 1139 632 1204 ltaliam
661 1152 693 1204 et
719 1143 897 1227 victoriam,
931 1132 1089 1238 urbesque

65 1253 227 1332 conditas,
257 1251 396 1336 denique
419 1251 587 1334 imperium
611 1253 749 1334 Romae,
778 1259 875 1320 altera
902 1282 979 1325 vero
1005 1266 1090 1346 pacis

65 1370 153 1431 bona
175 1380 210 1432 et
228 1368 368 1432 faustum
390 1388 508 1431 annum
528 1382 693 1451 precatur,
721 1373 805 1434 ruris
828 1375 951 1458 copias,
979 1378 1090 1443 leonn-

66 1478 195 1543 ditstem
221 1492 454 1559 matronarum,
483 1480 596 1565 gaudia
618 1484 771 1547 festorum
793 1490 964 1569 ruralium,
993 1514 1089 1578 quam

66 1598 312 1679 pulcherrimam
349 1599 602 1661 coniunctionem
635 1603 851 1683 oppositarum
881 1624 991 1670 rerum
1025 1608 1089 1673 iam

68 1732 166 1794 supra
180 1709 318 1775 laudavi.
359 1704 464 1796 Atque
479 1711 523 1774 ita
538 1715 682 1776 effectum
697 1712 786 1779 vides
801 1727 846 1793 ut,
867 1715 943 1780 dum
958 1722 1088 1787 omnino

65 1827 257 1910 praestantia
276 1825 358 1889 sacri
371 1824 565 1908 Apollinaris
583 1827 767 1906 illustretur,
787 1828 882 1892 simul
899 1830 1090 1897 hodiernum

66 1942 183 2006 testum
209 1960 344 2005 vernum
372 1939 478 2022 ipsum
505 1953 637 2004 ornetur
666 1941 919 2008 luculentissime.
975 1947 1089 2011 Exitus

68 2052 207 2138 deniqne
230 2076 288 2137 par
308 2064 376 2118 erat
394 2064 433 2116 ut
451 2071 512 2134 pro
533 2055 641 2117 futura
664 2056 764 2134 gloria
785 2069 817 2119 et
836 2058 982 2123 felicitate
1002 2061 1090 2124 Mes-

68 2169 160 2231 salini
179 2181 256 2234 vota
274 2170 408 2249 feceret3
439 2188 512 2232 eum
541 2182 645 2235 autem
670 2191 754 2233 nunc
775 2170 816 2234 ad
841 2175 1038 2236 consulatum
1060 2175 1090 2237 ei

69 2280 171 2346 aditus
202 2294 343 2365 pateret,
381 2281 589 2366 triumphales
618 2283 757 2347 honores
787 2281 852 2347 iam
884 2286 920 2347 in
957 2285 1089 2350 exordio

68 2397 234 2459 monstrati
258 2408 442 2459 tractantur.

128 2508 317 2575 Accedimus
332 2510 374 2574 ad
387 2515 493 2576 emota
506 2511 644 2575 carmina
655 2511 768 2575 Deliae
780 2524 812 2575 et
821 2510 949 2575 Nemesi
964 2516 1088 2597 scripta,

70 2625 185 2711 quibus
210 2628 359 2709 proprius
387 2623 606 2691 vehementior
633 2626 775 2688 allectus.
835 2625 915 2690 Cum
943 2628 1088 2690 Tibullus

68 2742 145 2806 haec
172 2742 325 2805 scriberet
352 2741 485 2808 adverso
514 2760 637 2820 amore,
667 2753 705 2803 ut
730 2752 939 2804 commoveret
958 2745 1090 2822 puellas,

70 2854 336 2939 quemadmodum
357 2877 454 2939 supra
480 2854 674 2932 notavimus,
702 2854 793 2916 tacite
822 2866 980 2936 exspectes
1008 2856 1090 2919 hanc

68 2968 134 3032 lere
155 2990 242 3033 nune
261 2971 401 3033 futuram
419 2969 573 3032 rationem
592 2967 783 3048 argumenti:
811 2968 965 3053 Erumpet
985 2970 1090 3033 statim

69 3084 103 3147 in
123 3084 283 3167 principio
311 3086 441 3148 affectus
468 3082 637 3164 primarius
660 3081 822 3159 carminis,
851 3083 973 3164 eritque
996 3102 1091 3144 exor-

70 3196 154 3261 dium
176 3202 309 3281 plenum
331 3202 460 3283 querela
481 3197 600 3260 doloris
621 3210 677 3258 aut
697 3194 861 3274 desiderii,
888 3208 1013 3276 poetam
1034 3218 1090 3258 ur·

71 3315 186 3394 gentis3
215 3326 284 3376 tum
309 3314 344 3375 in
368 3311 472 3376 medio
495 3312 632 3375 carmine
659 3305 732 3370 data
754 3327 850 3389 opera
877 3305 912 3370 id
941 3318 1024 3387 aget,
1054 3320 1091 3370 ut

70 3427 174 3490 flectat
203 3428 343 3510 puellam
372 3425 567 3503 hortatione,
603 3421 824 3504 persuasione,
858 3422 1090 3500 lamentatione,

70 3542 130 3621 ira,
158 3543 273 3606 minist
301 3538 446 3605 ostendet
474 3556 639 3600 aerumnas
668 3554 740 3597 strae
770 3546 800 3596 et
828 3534 944 3597 amoris
967 3535 1031 3597 vim
1053 3554 1089 3595 ao
1173 3619 1181 3632 ·

71 3659 286 3736 constantiam,
305 3654 468 3739 promittet
484 3650 587 3714 officia
602 3672 659 3713 sua
676 3661 730 3712 attt
749 3662 885 3730 exponet
901 3669 983 3732 quae
998 3668 1091 3728 prae·

72 3771 198 3852 stiterit,
227 3771 389 3835 damnabit
408 3769 571 3834 avaritiam
592 3780 624 3830 et
644 3779 786 3829 auctores
808 3766 971 3841 luxtnine,
1002 3781 1091 3824 exse·

73 3890 211 3951 orabitur
231 3890 336 3967 lenas,
368 3884 526 3948 nuntiabit
550 3880 700 3965 perfidiae
724 3898 844 3962 poenes
866 3879 1031 3951 coelestes,
1060 3886 1092 3937 et

74 4022 151 4084 qnae
172 4014 248 4065 sunt
270 4004 347 4080 alia,
374 4020 415 4062 ex
434 4000 484 4061 bis
505 4008 598 4060 utens
619 4014 747 4078 quoque
768 4004 909 4073 tempore
930 3990 968 4050 iis
975 4033 984 4065 ‚
1009 4009 1090 4073 quae

69 4116 253 4198 ,commoda3
280 4136 437 4202 nusquam
456 4133 534 4180 vero
556 4112 690 4192 simplex
714 4128 822 4171 rerum
844 4105 923 4169 ordo
944 4117 1006 4182 est,
1036 4102 1091 4167 sed

72 4253 130 4315 per
145 4231 227 4296 dnos
244 4245 300 4295 aut
316 4245 380 4296 tres
399 4229 515 4314 gradus
532 4228 732 4314 provolvitur
748 4226 887 4302 affectus,
906 4240 1091 4304 progressus

73 4367 91 4408 t
110 4347 287 4431 principio,
315 4349 432 4432 quippe
453 4347 516 4409 alia
536 4357 630 4430 etque
652 4343 712 4407 alia
733 4351 871 4420 tentans,
900 4337 976 4402 alias
996 4346 1091 4420 atque
