2468 4838
527 598 710 665 TlBULLl.
1063 625 1129 669 xxv

106 792 184 857 qum
215 772 267 835 sel
291 770 396 834 errori
418 773 467 834 vel
493 770 597 835 barrdi
622 772 740 839 debitas
761 773 917 840 credibile.
961 776 1131 860 Sulpiciam

104 887 201 950 fuisse
219 884 324 949 Seruii
342 884 476 968 Sulpicii
493 886 567 951 Rufi
588 889 782 953 celeberrimi
802 891 906 970 filiam,
927 892 983 976 qui
1004 891 1131 957 Cicero·

105 1001 152 1061 nis
172 1000 315 1082 aequalis
337 1014 416 1079 erat,
437 1002 588 1085 quiana.
605 1009 678 1066 703.
699 1008 808 1068 consul
829 1006 889 1069 fuit
909 1020 940 1071 at
963 1008 1036 1071 circ.
1058 1013 1131 1070 710.

105 1133 265 1199 manuus,
301 1121 368 1184 vid.
402 1122 550 1186 Ellendtii
584 1127 761 1207 Prolegom.
789 1128 834 1191 ad
866 1130 1008 1194 Ciceron.
1040 1131 1131 1193 Brut.

106 1260 136 1319 p.
150 1237 223 1301 0111
238 1259 319 1322 sqq,
340 1240 411 1301 iura
432 1239 570 1305 dubitari
591 1255 705 1324 potest.
747 1248 789 1308 At
809 1246 891 1310 filius
906 1245 1035 1310 Seruius
1057 1247 1130 1310 Sul·

107 1352 204 1433 picins
226 1366 377 1434 paternae
401 1353 502 1418 laudis
526 1359 666 1421 aemulus
694 1361 798 1440 potuit
824 1374 933 1442 postea
955 1363 1051 1424 filiam
1073 1363 1131 1423 lm·

107 1469 187 1545 bere,
208 1471 300 1531 cuius
321 1481 407 1531 aetas
427 1470 544 1532 nubilis
565 1472 598 1532 in
619 1473 705 1550 haec,
726 1495 807 1556 quac
831 1473 970 1551 dicimus,
988 1486 1131 1557 tempora

108 1581 268 1645 incideret.
310 1582 394 1645 Nam
418 1606 483 1648 non
505 1604 571 1648 esse
591 1608 659 1652 rem
681 1587 735 1650 din
757 1600 829 1650 aute
851 1601 961 1667 actam,
981 1588 1036 1651 sed
1052 1600 1128 1650 ncnc

109 1701 209 1780 ipsum
231 1721 305 1762 cum
328 1683 467 1765 carmina
487 1704 717 1780 scriberentur,
748 1701 883 1767 ostendit
913 1706 1010 1786 elegia
1039 1708 1129 1783 11,2.

109 1814 274 1876 Messalam
304 1817 440 1878 amicum
468 1815 580 1880 dantus
606 1820 701 1881 fuisse
727 1830 815 1900 patet
834 1839 874 1880 cx
897 1838 961 1881 uno
985 1816 1130 1899 elegidia·

111 1948 187 2006 rum,
207 1941 241 1991 et
264 1929 356 1992 facile
378 1930 523 1993 coniicias
543 1932 636 1993 etiam
656 1932 819 1996 Tibullum
836 1952 895 1994 usu
921 1951 992 1992 eum
1012 1931 1131 1993 familia

113 2045 322 2107 coniunctum.
365 2042 417 2108 Sic
439 2045 508 2131 ficri
529 2045 642 2127 potuit,
665 2046 725 2123 aio,
744 2058 789 2124 ut,
812 2043 888 2106 dum
909 2045 977 2124 ipse
1001 2043 1131 2106 vacabat

115 2176 224 2235 amore,
252 2157 346 2219 buius
367 2158 493 2235 moris,
513 2179 606 2242 quem
628 2157 765 2238 vidisset,
789 2169 990 2240 componeret
1010 2155 1131 2219 suavis·

116 2271 215 2333 siniam
238 2269 519 2349 adumbrationem,
541 2284 571 2335 et
592 2273 694 2353 possis
714 2271 838 2334 Horatii
859 2271 1021 2352 epistolam
1036 2288 1132 2351 quar·

118 2397 172 2448 tam
191 2386 357 2451 commode
379 2387 419 2450 ad
439 2390 500 2450 hoc
520 2401 643 2470 tempus
663 2409 830 2458 reuocare:

236 2501 319 2578 Albi,
342 2521 523 2565 sermonum
540 2516 722 2566 noseorum
743 2499 873 2566 candide
896 2499 1002 2578 iudex,

236 2613 322 2692 Quid
345 2638 429 2681 nunc
450 2631 481 2680 te
503 2617 604 2682 dicam
625 2621 727 2681 secere
748 2620 783 2679 in
803 2618 930 2696 regione
951 2613 1087 2693 Pedana,

237 2731 382 2795 Scribere
406 2733 492 2818 qaod
514 2733 600 2797 Cassi
623 2734 800 2798 Parmensis
824 2734 975 2816 opuscula
996 2731 1107 2807 vincat,

235 2849 286 2909 An
309 2848 437 2910 tacitum
458 2851 551 2912 silvas
571 2850 654 2912 inter
676 2860 800 2929 reptare
824 2843 989 2909 salubres?

124 2958 146 3019 si
165 2969 229 3022 tum
256 2961 339 3023 forte
368 2963 402 3023 in
428 2964 590 3042 praedium
618 2970 785 3028 secesserat
812 2962 940 3025 diutius.
990 2961 1035 3021 Ac
1061 2959 1129 3021 dixi

124 3074 174 3138 iam
190 3099 294 3160 supra,
313 3079 565 3162 insequentibus
588 3081 627 3140 ab
645 3080 778 3140 Horatio
798 3075 896 3140 rideri
912 3075 1039 3137 mollem
1061 3076 1129 3135 ani·

125 3206 196 3252 num
215 3204 336 3273 poetae,
357 3193 423 3274 qui,
449 3192 551 3270 credo,
574 3190 669 3255 modo
689 3191 809 3253 flebiles
830 3190 908 3252 istos
931 3190 1033 3266 elegos
1053 3209 1130 3268 pro·

126 3314 180 3382 pter
210 3306 375 3389 Glyceram
405 3306 631 3372 decantaverat.
688 3306 779 3369 Circa
807 3307 869 3369 hoc
899 3323 975 3369 vero
1006 3316 1130 3385 tempus

128 3418 204 3482 etiam
223 3423 320 3502 elegia
340 3424 444 3505 prima
464 3425 539 3485 libri
559 3419 687 3487 secundi
709 3421 804 3484 scribi
822 3421 941 3502 potuit,
974 3419 1128 3504 siquidem

128 3530 216 3599 inille
236 3539 376 3599 carmine
396 3539 538 3601 nullasu
558 3541 676 3601 mentio
697 3538 820 3618 patellae
841 3558 935 3620 quam
957 3549 1040 3599 acuet
1060 3532 1132 3618 (va-1

130 3648 199 3713 nbat
219 3653 303 3715 enim
322 3650 460 3737 amore),
490 3672 561 3714 cum
582 3665 686 3714 tamen
708 3653 741 3713 in
764 3651 901 3712 carmina
920 3647 961 3711 ad
984 3650 1127 3713 Messali-

132 3780 200 3843 num,
219 3788 282 3850 quo
304 3780 446 3850 tempore
470 3765 629 3829 Nemesim
648 3786 753 3829 amare
773 3773 919 3844 coeperat
926 3804 934 3837 ,
956 3761 1047 3823 etiam
1069 3781 1129 3823 no·

132 3893 186 3937 vum
204 3880 286 3943 hanc
308 3900 449 3945 amorem
468 3899 711 3947 commemorare
733 3898 799 3940 non
818 3875 1029 3940 obliviscatur.
1070 3873 1128 3938 Sa·

133 3987 162 4049 llt
177 3990 210 4055 de
228 3996 289 4059 his.

195 4108 396 4175 Pervenimus
419 4133 504 4174 mum
526 4133 564 4174 eo
582 4123 623 4175 ‚ut
651 4107 689 4174 de
710 4111 824 4175 nemer
849 4105 979 4172 dicatur.
1021 4110 1125 4172 Dubi-

134 4220 178 4280 tari
194 4230 295 4310 nequit
317 4228 413 4292 luisse
438 4232 519 4293 lianc
536 4228 731 4291 meretricem
753 4225 888 4288 maxime
910 4227 1077 4308 superbam
1094 4239 1124 4288 et

136 4352 249 4422 aleram,
281 4356 312 4406 et
335 4347 422 4409 nullo
444 4359 584 4428 tempore
606 4348 662 4408 uni
689 4345 817 4407 Tibullo
846 4340 1012 4421 addictam,
1044 4365 1124 4427 quae
