2468 4838
155 631 254 674 xmus
566 609 624 671 DE
646 607 765 675 POESI

241 781 318 844 Dixi
346 780 385 844 de
415 782 525 846 Deliae
556 803 680 861 amore,
709 782 760 845 cui
788 803 854 847 non
879 785 1051 849 absimilem
1074 784 1170 846 luisse

156 895 280 960 credam
309 899 446 982 Glycerae
482 920 630 976 amorem.
682 898 745 962 Sed
772 900 881 962 ultima
912 913 1014 963 amata
1046 900 1172 964 Nemesis

154 1012 234 1087 luit,
265 1033 360 1095 quam
381 1034 465 1074 nunc
486 1009 762 1075 considerabimus.
812 1013 888 1075 Erat
908 1014 1014 1094 puella
1034 1012 1174 1074 formosa

154 1125 240 1190 haud
271 1126 365 1189 dubie
394 1139 425 1188 et
453 1130 592 1206 elegans,
630 1124 685 1190 sed
714 1129 870 1210 probitate
905 1129 998 1190 Deba
1032 1125 1174 1201 balerior,

156 1243 273 1324 quippe
307 1236 456 1303 meretrix
490 1241 553 1302 iam
588 1252 655 1302 tum
690 1262 761 1304 eum
793 1242 920 1305 Tibullo
952 1241 1173 1302 innotesceret.

117 1350 309 1435 >(Pecuniae
338 1355 455 1418 servire
486 1367 633 1437 coeperat
661 1369 820 1437 postremo
851 1356 945 1417 etiam
975 1355 1085 1433 Delia,
1119 1354 1174 1417 sed

154 1473 296 1536 Nemesis
324 1493 417 1535 arma
444 1485 526 1534 erat:
559 1472 704 1534 luxuriae
725 1474 810 1535 ultra
836 1469 965 1535 modum
990 1460 1095 1531 dedita
1117 1467 1175 1551 (Ut

155 1611 225 1653 mea
250 1589 378 1652 luxuria
405 1588 547 1651 Nemesis
576 1588 669 1667 fluat,
700 1602 797 1671 utque
821 1609 880 1670 per
910 1591 1021 1650 urbem
1048 1584 1174 1649 incedat

156 1704 248 1767 donis
269 1702 486 1784 conspicienda
509 1702 596 1764 meis.
639 1705 695 1764 Illa
716 1716 801 1782 gerat
819 1714 921 1765 vestes
946 1713 1072 1777 tenues,
1094 1680 1175 1782 quas

156 1817 272 1879 femina
294 1814 498 1892 contexuit,
529 1829 653 1879 auratas
682 1814 897 1899 disposuitque
923 1816 1008 1878 rias:
1040 1815 1092 1877 llli
1112 1815 1176 1877 sint

156 1930 284 1993 comites
305 1929 400 2003 fusci,
424 1949 504 2011 quos
527 1927 616 1990 India
635 1939 751 2007 torret,
776 1929 850 1991 solis
872 1941 904 1991 et
924 1927 1057 1991 admotis
1077 1928 1176 1991 inficit

156 2045 235 2124 ignis
257 2042 364 2126 equis:
390 2043 440 2102 Illi
461 2044 590 2105 selectos
613 2056 732 2105 certent
751 2045 902 2126 praebere
924 2048 1044 2108 colores
1065 2044 1176 2135 Africa

155 2161 324 2242 puniceum
344 2179 602 2242 purpureumque
623 2157 749 2244 Tyros),
773 2182 941 2224 munerum
962 2162 1176 2243 pretiosorum

155 2277 200 2337 ita
222 2287 288 2338 erat
310 2272 424 2356 cupida
431 2318 440 2352 ,
459 2287 496 2338 ut
514 2277 586 2337 satis
609 2274 677 2337 dari
700 2299 766 2340 non
786 2290 900 2359 posset.
942 2278 987 2338 Ac
1012 2296 1084 2339 cum
1108 2276 1175 2337 De·

160 2392 203 2455 lia
232 2394 317 2454 bona
348 2404 379 2454 et
408 2392 509 2470 mitis,
539 2390 594 2453 sed
620 2394 713 2454 nimis
732 2395 810 2455 levis
831 2394 957 2469 suisset,
986 2394 1065 2453 haee
1086 2391 1175 2469 dura,

158 2528 277 2588 aspera,
299 2525 400 2582 saeva,
422 2507 565 2585 superba,
592 2509 673 2567 male
694 2506 805 2569 callida
827 2508 897 2582 luit,
918 2506 1176 2571 aliis-ditioribus

156 2620 264 2696 facilis,
285 2620 412 2681 Tibullo
434 2619 623 2699 difficillima,
647 2643 741 2705 quem
761 2624 939 2705 saepissime
959 2624 1138 2684 remittebat
1157 2642 1176 2682 a

156 2736 273 2796 liuline.
323 2730 418 2808 Quod
445 2733 529 2795 enim
550 2734 585 2794 in
605 2735 667 2797 fine
689 2737 803 2815 elegiae
824 2748 931 2797 sextae
950 2736 1024 2797 libri
1046 2732 1177 2797 secundi

155 2849 245 2909 lenae
267 2866 393 2909 omnem
414 2849 538 2927 culpam
560 2847 678 2924 tribuit,
700 2849 836 2929 puellam
856 2867 934 2911 vero
956 2848 1071 2910 bonam
1095 2840 1177 2921 dicit,

158 2972 354 3040 persuaserat
377 2960 438 3021 sibi
458 2962 518 3022 hoc
541 2981 629 3024 amor
649 2976 775 3043 poetae,
801 2984 913 3027 revera
936 2975 1041 3024 autem
1059 2960 1176 3024 Neme-

156 3074 198 3133 sis
222 3091 289 3134 non
316 3070 442 3136 videtur
463 3071 555 3151 digna
584 3075 680 3135 lesisse
706 3096 743 3137 ea
768 3074 879 3153 laude,
909 3096 1003 3159 quam
1026 3073 1176 3138 credibile

160 3201 204 3250 est
230 3208 296 3250 non
320 3208 438 3250 amasse
460 3189 546 3249 leona
568 3187 629 3249 lide
651 3190 830 3268 Tibullum,
863 3189 916 3252 sed
941 3189 972 3251 id
994 3193 1091 3270 egisse
1112 3192 1177 3252 cal-

157 3300 221 3363 lida
243 3314 325 3379 arte,
346 3300 449 3363 iudice
472 3303 572 3363 etiam-
586 3304 753 3381 Passovio,
776 3316 810 3365 ut
831 3325 1010 3367 cramtenam
1030 3307 1098 3367 eius
1119 3324 1177 3367 ex·

158 3416 309 3477 basuiret.
358 3418 423 3479 Nou
448 3430 564 3498 prosunt
594 3420 678 3496 elegi,
713 3416 802 3497 dicit,
832 3441 883 3480 aec
912 3425 1046 3481 camussia
1073 3432 1177 3483 meter

160 3531 275 3611 Apollu;
308 3530 356 3588 itta
384 3551 457 3590 caea
479 3519 600 3613 pretium
626 3533 747 3612 flagitat
773 3555 860 3615 usque
884 3556 980 3598 mauu.
1033 3536 1080 3596 Ac
1111 3556 1178 3598 non

159 3644 304 3703 habuisse
337 3661 404 3703 enm
441 3641 592 3706 delectum
628 3660 818 3723 ornatorum,
858 3649 885 3708 si
916 3646 1011 3709 modo
1042 3650 1178 3728 pecunia

160 3772 244 3823 certa
266 3771 362 3837 esset,
395 3759 467 3821 satis
490 3758 624 3823 ostendit
651 3782 775 3823 carmen
799 3765 925 3824 tertium
945 3765 1020 3826 libri
1041 3764 1180 3840 secundi,

160 3876 216 3936 ubi
237 3873 275 3935 de
299 3886 437 3935 amatore
460 3873 590 3951 dicitur,
624 3897 733 3938 servus
754 3879 810 3957 qui
830 3879 932 3940 leserat
953 3900 1046 3960 saepe
1068 3879 1182 3943 venali·

159 3998 219 4047 tus.
260 3987 404 4051 Tibullus
425 4001 488 4053 tres
510 3994 539 4053 ei
556 3994 685 4073 scriplas
705 3993 816 4071 elegias
836 3995 972 4075 reliquit.
1014 3996 1181 4060 Erraveris

161 4247 188 4292 et
206 4255 264 4293 enm
288 4242 478 4299 sublimioribus
502 4248 620 4301 sensibus
645 4250 699 4301 suis
723 4250 870 4315 coniungit,
895 4249 999 4303 minime
1025 4264 1089 4302 vero
1115 4265 1183 4305 con·

163 4331 234 4383 tiuuo
251 4331 290 4383 sui
308 4333 336 4395 lit
354 4332 492 4388 dissimilis.
