<?xml version="1.0" encoding="UTF-8"?>
<!DOCTYPE html PUBLIC "-//W3C//DTD XHTML 1.0 Transitional//EN"
    "http://www.w3.org/TR/xhtml1/DTD/xhtml1-transitional.dtd">
<html xmlns="http://www.w3.org/1999/xhtml" xml:lang="en" lang="en">
 <head>
  <title>
</title>
<meta http-equiv="Content-Type" content="text/html;charset=utf-8" />
  <meta name='ocr-system' content='tesseract 3.04.00' />
  <meta name='ocr-capabilities' content='ocr_page ocr_carea ocr_par ocr_line ocrx_word'/>
</head>
<body>
  <div class='ocr_page' id='page_1' title='image "albiitibullicar00dissgoog_0098.png"; bbox 0 0 2468 4838; ppageno 0'>
   <div class='ocr_carea' id='block_1_1' title="bbox 475 600 1084 682">
    <p class='ocr_par' dir='ltr' id='par_1_1' title="bbox 475 600 1084 682">
     <span class='ocr_line' id='line_1_1' title="bbox 475 600 1084 682; baseline 0 0"><span class='ocrx_word' id='word_1_1' title='bbox 475 600 657 669; x_wconf 71' lang='lat' dir='ltr'><strong>TfflULLl·</strong></span> <span class='ocrx_word' id='word_1_2' title='bbox 1009 637 1084 682; x_wconf 84' lang='lat' dir='ltr'><strong>xour</strong></span> 
     </span>
    </p>
   </div>
   <div class='ocr_carea' id='block_1_2' title="bbox 55 774 1083 2333">
    <p class='ocr_par' dir='ltr' id='par_1_2' title="bbox 55 774 1083 2333">
     <span class='ocr_line' id='line_1_2' title="bbox 55 774 1082 860; baseline -0.001 -15"><span class='ocrx_word' id='word_1_3' title='bbox 55 791 191 845; x_wconf 72' lang='lat' dir='ltr'><strong>netues</strong></span> <span class='ocrx_word' id='word_1_4' title='bbox 213 786 331 860; x_wconf 82' lang='lat' dir='ltr'><strong>partes</strong></span> <span class='ocrx_word' id='word_1_5' title='bbox 348 775 464 839; x_wconf 86' lang='lat' dir='ltr'><strong>babeat</strong></span> <span class='ocrx_word' id='word_1_6' title='bbox 482 774 623 840; x_wconf 87' lang='lat' dir='ltr'><strong>medium</strong></span> <span class='ocrx_word' id='word_1_7' title='bbox 645 798 787 857; x_wconf 86' lang='lat' dir='ltr'><strong>carmen,</strong></span> <span class='ocrx_word' id='word_1_8' title='bbox 809 781 862 847; x_wconf 87' lang='lat' dir='ltr'><strong>hic</strong></span> <span class='ocrx_word' id='word_1_9' title='bbox 882 794 988 849; x_wconf 86' lang='lat' dir='ltr'><strong>tamen</strong></span> <span class='ocrx_word' id='word_1_10' title='bbox 1008 790 1082 856; x_wconf 84' lang='lat' dir='ltr'><strong>sim.</strong></span> 
     </span>
     <span class='ocr_line' id='line_1_3' title="bbox 55 894 1082 986; baseline 0.008 -25"><span class='ocrx_word' id='word_1_11' title='bbox 55 901 126 982; x_wconf 86' lang='lat' dir='ltr'><strong>plsx</strong></span> <span class='ocrx_word' id='word_1_12' title='bbox 146 908 196 960; x_wconf 82' lang='lat' dir='ltr'><strong>est</strong></span> <span class='ocrx_word' id='word_1_13' title='bbox 213 913 405 977; x_wconf 81' lang='lat' dir='ltr'><strong>progressus</strong></span> <span class='ocrx_word' id='word_1_14' title='bbox 422 914 544 974; x_wconf 81' lang='lat' dir='ltr'><strong>rerum,</strong></span> <span class='ocrx_word' id='word_1_15' title='bbox 568 915 634 958; x_wconf 91' lang='lat' dir='ltr'><strong>non</strong></span> <span class='ocrx_word' id='word_1_16' title='bbox 651 894 763 961; x_wconf 81' lang='lat' dir='ltr'><strong>divisio</strong></span> <span class='ocrx_word' id='word_1_17' title='bbox 780 898 918 979; x_wconf 89' lang='lat' dir='ltr'><strong>plurium</strong></span> <span class='ocrx_word' id='word_1_18' title='bbox 935 907 1082 986; x_wconf 86' lang='lat' dir='ltr'><strong>partium,</strong></span> 
     </span>
     <span class='ocr_line' id='line_1_4' title="bbox 59 1006 1083 1093; baseline 0.006 -15"><span class='ocrx_word' id='word_1_19' title='bbox 59 1014 109 1078; x_wconf 88' lang='lat' dir='ltr'><strong>sed</strong></span> <span class='ocrx_word' id='word_1_20' title='bbox 142 1011 244 1076; x_wconf 88' lang='lat' dir='ltr'><strong>nnius</strong></span> <span class='ocrx_word' id='word_1_21' title='bbox 280 1013 381 1072; x_wconf 88' lang='lat' dir='ltr'><strong>laetae</strong></span> <span class='ocrx_word' id='word_1_22' title='bbox 406 1006 633 1093; x_wconf 68' lang='lat' dir='ltr'><strong>descriptionis</strong></span> <span class='ocrx_word' id='word_1_23' title='bbox 667 1012 717 1075; x_wconf 80' lang='lat' dir='ltr'><strong>vis</strong></span> <span class='ocrx_word' id='word_1_24' title='bbox 750 1013 900 1076; x_wconf 88' lang='lat' dir='ltr'><strong>continuo</strong></span> <span class='ocrx_word' id='word_1_25' title='bbox 932 1038 1083 1085; x_wconf 72' lang='lat' dir='ltr'><strong>crescens.</strong></span> 
     </span>
     <span class='ocr_line' id='line_1_5' title="bbox 58 1122 1082 1207; baseline 0.004 -15"><span class='ocrx_word' id='word_1_26' title='bbox 58 1130 139 1193; x_wconf 82' lang='lat' dir='ltr'><strong>Nam</strong></span> <span class='ocrx_word' id='word_1_27' title='bbox 157 1128 314 1192; x_wconf 91' lang='lat' dir='ltr'><strong>bellicoso</strong></span> <span class='ocrx_word' id='word_1_28' title='bbox 336 1122 468 1189; x_wconf 86' lang='lat' dir='ltr'><strong>exordio</strong></span> <span class='ocrx_word' id='word_1_29' title='bbox 489 1139 672 1207; x_wconf 83' lang='lat' dir='ltr'><strong>pacatarum</strong></span> <span class='ocrx_word' id='word_1_30' title='bbox 691 1127 857 1207; x_wconf 79' lang='lat' dir='ltr'><strong>regionum</strong></span> <span class='ocrx_word' id='word_1_31' title='bbox 878 1139 909 1190; x_wconf 81' lang='lat' dir='ltr'><strong>et</strong></span> <span class='ocrx_word' id='word_1_32' title='bbox 927 1135 1082 1196; x_wconf 84' lang='lat' dir='ltr'><strong>ruralium</strong></span> 
     </span>
     <span class='ocr_line' id='line_1_6' title="bbox 60 1238 1080 1321; baseline 0.004 -15"><span class='ocrx_word' id='word_1_33' title='bbox 60 1261 227 1306; x_wconf 87' lang='lat' dir='ltr'><strong>munerum</strong></span> <span class='ocrx_word' id='word_1_34' title='bbox 255 1259 387 1304; x_wconf 78' lang='lat' dir='ltr'><strong>suavem</strong></span> <span class='ocrx_word' id='word_1_35' title='bbox 413 1239 582 1319; x_wconf 81' lang='lat' dir='ltr'><strong>imaginem</strong></span> <span class='ocrx_word' id='word_1_36' title='bbox 608 1238 775 1303; x_wconf 87' lang='lat' dir='ltr'><strong>succedere</strong></span> <span class='ocrx_word' id='word_1_37' title='bbox 799 1242 917 1321; x_wconf 84' lang='lat' dir='ltr'><strong>voluit,</strong></span> <span class='ocrx_word' id='word_1_38' title='bbox 950 1257 988 1307; x_wconf 90' lang='lat' dir='ltr'><strong>ut</strong></span> <span class='ocrx_word' id='word_1_39' title='bbox 1012 1249 1080 1310; x_wconf 90' lang='lat' dir='ltr'><strong>laus</strong></span> 
     </span>
     <span class='ocr_line' id='line_1_7' title="bbox 60 1357 1081 1443; baseline 0.004 -23"><span class='ocrx_word' id='word_1_40' title='bbox 60 1357 212 1420; x_wconf 83' lang='lat' dir='ltr'><strong>Messalas</strong></span> <span class='ocrx_word' id='word_1_41' title='bbox 233 1375 275 1417; x_wconf 88' lang='lat' dir='ltr'><strong>ex</strong></span> <span class='ocrx_word' id='word_1_42' title='bbox 292 1366 430 1437; x_wconf 88' lang='lat' dir='ltr'><strong>utroque</strong></span> <span class='ocrx_word' id='word_1_43' title='bbox 450 1376 564 1434; x_wconf 79' lang='lat' dir='ltr'><strong>genere</strong></span> <span class='ocrx_word' id='word_1_44' title='bbox 583 1375 690 1417; x_wconf 86' lang='lat' dir='ltr'><strong>rerum</strong></span> <span class='ocrx_word' id='word_1_45' title='bbox 708 1357 880 1437; x_wconf 88' lang='lat' dir='ltr'><strong>composita</strong></span> <span class='ocrx_word' id='word_1_46' title='bbox 899 1360 1081 1443; x_wconf 83' lang='lat' dir='ltr'><strong>haberetur,</strong></span> 
     </span>
     <span class='ocr_line' id='line_1_8' title="bbox 61 1466 1080 1553; baseline 0.003 -20"><span class='ocrx_word' id='word_1_47' title='bbox 61 1471 97 1533; x_wconf 86' lang='lat' dir='ltr'><strong>de</strong></span> <span class='ocrx_word' id='word_1_48' title='bbox 126 1492 191 1553; x_wconf 87' lang='lat' dir='ltr'><strong>qua</strong></span> <span class='ocrx_word' id='word_1_49' title='bbox 219 1467 387 1531; x_wconf 80' lang='lat' dir='ltr'><strong>harmonia</strong></span> <span class='ocrx_word' id='word_1_50' title='bbox 415 1468 634 1548; x_wconf 89' lang='lat' dir='ltr'><strong>oppositorum</strong></span> <span class='ocrx_word' id='word_1_51' title='bbox 664 1488 761 1548; x_wconf 84' lang='lat' dir='ltr'><strong>supra</strong></span> <span class='ocrx_word' id='word_1_52' title='bbox 790 1466 917 1532; x_wconf 89' lang='lat' dir='ltr'><strong>dietum.</strong></span> <span class='ocrx_word' id='word_1_53' title='bbox 967 1472 1080 1537; x_wconf 83' lang='lat' dir='ltr'><strong>Exitus</strong></span> 
     </span>
     <span class='ocr_line' id='line_1_9' title="bbox 61 1578 1078 1667; baseline 0.006 -20"><span class='ocrx_word' id='word_1_54' title='bbox 61 1583 196 1667; x_wconf 83' lang='lat' dir='ltr'><strong>denique</strong></span> <span class='ocrx_word' id='word_1_55' title='bbox 228 1604 301 1646; x_wconf 87' lang='lat' dir='ltr'><strong>eum</strong></span> <span class='ocrx_word' id='word_1_56' title='bbox 333 1578 457 1645; x_wconf 87' lang='lat' dir='ltr'><strong>Osiride</strong></span> <span class='ocrx_word' id='word_1_57' title='bbox 490 1581 626 1645; x_wconf 80' lang='lat' dir='ltr'><strong>Genium</strong></span> <span class='ocrx_word' id='word_1_58' title='bbox 655 1594 748 1647; x_wconf 79' lang='lat' dir='ltr'><strong>vocat</strong></span> <span class='ocrx_word' id='word_1_59' title='bbox 782 1579 823 1645; x_wconf 87' lang='lat' dir='ltr'><strong>ad</strong></span> <span class='ocrx_word' id='word_1_60' title='bbox 855 1585 1078 1653; x_wconf 86' lang='lat' dir='ltr'><strong>honorandum</strong></span> 
     </span>
     <span class='ocr_line' id='line_1_10' title="bbox 60 1693 1078 1776; baseline 0.007 -17"><span class='ocrx_word' id='word_1_61' title='bbox 60 1700 138 1761; x_wconf 79' lang='lat' dir='ltr'><strong>laete</strong></span> <span class='ocrx_word' id='word_1_62' title='bbox 161 1698 249 1759; x_wconf 88' lang='lat' dir='ltr'><strong>hune</strong></span> <span class='ocrx_word' id='word_1_63' title='bbox 273 1694 372 1773; x_wconf 89' lang='lat' dir='ltr'><strong>diem,</strong></span> <span class='ocrx_word' id='word_1_64' title='bbox 401 1701 461 1776; x_wconf 87' lang='lat' dir='ltr'><strong>pro</strong></span> <span class='ocrx_word' id='word_1_65' title='bbox 486 1695 575 1756; x_wconf 89' lang='lat' dir='ltr'><strong>cuins</strong></span> <span class='ocrx_word' id='word_1_66' title='bbox 603 1693 708 1758; x_wconf 85' lang='lat' dir='ltr'><strong>reditu</strong></span> <span class='ocrx_word' id='word_1_67' title='bbox 734 1693 868 1758; x_wconf 86' lang='lat' dir='ltr'><strong>candido</strong></span> <span class='ocrx_word' id='word_1_68' title='bbox 889 1711 965 1761; x_wconf 81' lang='lat' dir='ltr'><strong>vota</strong></span> <span class='ocrx_word' id='word_1_69' title='bbox 986 1701 1078 1768; x_wconf 90' lang='lat' dir='ltr'><strong>fiunt.</strong></span> 
     </span>
     <span class='ocr_line' id='line_1_11' title="bbox 59 1808 1078 1891; baseline -0.001 -14"><span class='ocrx_word' id='word_1_70' title='bbox 59 1813 158 1878; x_wconf 86' lang='lat' dir='ltr'><strong>Vides</strong></span> <span class='ocrx_word' id='word_1_71' title='bbox 182 1812 334 1874; x_wconf 87' lang='lat' dir='ltr'><strong>unitatem</strong></span> <span class='ocrx_word' id='word_1_72' title='bbox 356 1810 498 1891; x_wconf 84' lang='lat' dir='ltr'><strong>partibus</strong></span> <span class='ocrx_word' id='word_1_73' title='bbox 523 1808 588 1871; x_wconf 88' lang='lat' dir='ltr'><strong>suis</strong></span> <span class='ocrx_word' id='word_1_74' title='bbox 616 1811 801 1873; x_wconf 86' lang='lat' dir='ltr'><strong>absolutam.</strong></span> <span class='ocrx_word' id='word_1_75' title='bbox 818 1844 863 1858; x_wconf 92' lang='lat'><strong>·-</strong></span> <span class='ocrx_word' id='word_1_76' title='bbox 904 1812 1078 1877; x_wconf 86' lang='lat' dir='ltr'><strong>Veniamus</strong></span> 
     </span>
     <span class='ocr_line' id='line_1_12' title="bbox 59 1924 1078 2005; baseline -0.008 -14"><span class='ocrx_word' id='word_1_77' title='bbox 59 1925 97 1992; x_wconf 85' lang='lat' dir='ltr'><strong>ad</strong></span> <span class='ocrx_word' id='word_1_78' title='bbox 118 1929 183 1990; x_wconf 88' lang='lat' dir='ltr'><strong>alia</strong></span> <span class='ocrx_word' id='word_1_79' title='bbox 201 1925 288 1989; x_wconf 85' lang='lat' dir='ltr'><strong>lestis</strong></span> <span class='ocrx_word' id='word_1_80' title='bbox 311 1926 436 2005; x_wconf 88' lang='lat' dir='ltr'><strong>scripta.</strong></span> <span class='ocrx_word' id='word_1_81' title='bbox 479 1924 615 1987; x_wconf 86' lang='lat' dir='ltr'><strong>Carmen</strong></span> <span class='ocrx_word' id='word_1_82' title='bbox 635 1925 691 2003; x_wconf 87' lang='lat' dir='ltr'><strong>tv,</strong></span> <span class='ocrx_word' id='word_1_83' title='bbox 706 1931 739 1987; x_wconf 76' lang='lat'><strong>2.</strong></span> <span class='ocrx_word' id='word_1_84' title='bbox 761 1925 856 1987; x_wconf 88' lang='lat' dir='ltr'><strong>babet</strong></span> <span class='ocrx_word' id='word_1_85' title='bbox 876 1924 984 1989; x_wconf 89' lang='lat' dir='ltr'><strong>laudes</strong></span> <span class='ocrx_word' id='word_1_86' title='bbox 1005 1927 1078 1991; x_wconf 85' lang='lat' dir='ltr'><strong>Sul.</strong></span> 
     </span>
     <span class='ocr_line' id='line_1_13' title="bbox 58 2037 1076 2127; baseline -0.002 -20"><span class='ocrx_word' id='word_1_87' title='bbox 58 2044 173 2127; x_wconf 81' lang='lat' dir='ltr'><strong>picino,</strong></span> <span class='ocrx_word' id='word_1_88' title='bbox 205 2060 277 2105; x_wconf 86' lang='lat' dir='ltr'><strong>cnm</strong></span> <span class='ocrx_word' id='word_1_89' title='bbox 303 2037 458 2121; x_wconf 84' lang='lat' dir='ltr'><strong>Kalendis</strong></span> <span class='ocrx_word' id='word_1_90' title='bbox 486 2040 609 2103; x_wconf 82' lang='lat' dir='ltr'><strong>Martiis</strong></span> <span class='ocrx_word' id='word_1_91' title='bbox 639 2038 725 2101; x_wconf 89' lang='lat' dir='ltr'><strong>dona</strong></span> <span class='ocrx_word' id='word_1_92' title='bbox 752 2037 783 2100; x_wconf 89' lang='lat' dir='ltr'><strong>ei</strong></span> <span class='ocrx_word' id='word_1_93' title='bbox 810 2038 1009 2102; x_wconf 88' lang='lat' dir='ltr'><strong>mitterentur</strong></span> <span class='ocrx_word' id='word_1_94' title='bbox 1036 2043 1076 2105; x_wconf 90' lang='lat' dir='ltr'><strong>ab</strong></span> 
     </span>
     <span class='ocr_line' id='line_1_14' title="bbox 59 2149 1077 2237; baseline -0.004 -17"><span class='ocrx_word' id='word_1_95' title='bbox 59 2168 189 2221; x_wconf 81' lang='lat' dir='ltr'><strong>emente.</strong></span> <span class='ocrx_word' id='word_1_96' title='bbox 229 2155 338 2237; x_wconf 78' lang='lat' dir='ltr'><strong>Atque</strong></span> <span class='ocrx_word' id='word_1_97' title='bbox 358 2168 395 2215; x_wconf 83' lang='lat' dir='ltr'><strong>nt</strong></span> <span class='ocrx_word' id='word_1_98' title='bbox 413 2155 508 2233; x_wconf 81' lang='lat' dir='ltr'><strong>vulgo</strong></span> <span class='ocrx_word' id='word_1_99' title='bbox 527 2163 658 2215; x_wconf 85' lang='lat' dir='ltr'><strong>vocatur</strong></span> <span class='ocrx_word' id='word_1_100' title='bbox 677 2152 711 2213; x_wconf 91' lang='lat' dir='ltr'><strong>in</strong></span> <span class='ocrx_word' id='word_1_101' title='bbox 731 2153 818 2214; x_wconf 81' lang='lat' dir='ltr'><strong>lestis</strong></span> <span class='ocrx_word' id='word_1_102' title='bbox 836 2149 913 2216; x_wconf 86' lang='lat' dir='ltr'><strong>deus</strong></span> <span class='ocrx_word' id='word_1_103' title='bbox 933 2167 967 2216; x_wconf 92' lang='lat' dir='ltr'><strong>ut</strong></span> <span class='ocrx_word' id='word_1_104' title='bbox 987 2152 1077 2232; x_wconf 84' lang='lat' dir='ltr'><strong>adsit,</strong></span> 
     </span>
     <span class='ocr_line' id='line_1_15' title="bbox 58 2263 1076 2333; baseline -0.003 0"><span class='ocrx_word' id='word_1_105' title='bbox 58 2272 98 2333; x_wconf 88' lang='lat' dir='ltr'><strong>sie</strong></span> <span class='ocrx_word' id='word_1_106' title='bbox 124 2289 213 2331; x_wconf 89' lang='lat' dir='ltr'><strong>nune</strong></span> <span class='ocrx_word' id='word_1_107' title='bbox 241 2268 279 2329; x_wconf 91' lang='lat' dir='ltr'><strong>in</strong></span> <span class='ocrx_word' id='word_1_108' title='bbox 306 2263 439 2328; x_wconf 83' lang='lat' dir='ltr'><strong>exordio</strong></span> <span class='ocrx_word' id='word_1_109' title='bbox 467 2265 555 2327; x_wconf 87' lang='lat' dir='ltr'><strong>Mars</strong></span> <span class='ocrx_word' id='word_1_110' title='bbox 581 2274 721 2327; x_wconf 81' lang='lat' dir='ltr'><strong>vocatur.</strong></span> <span class='ocrx_word' id='word_1_111' title='bbox 770 2265 973 2328; x_wconf 85' lang='lat' dir='ltr'><strong>Tractaturus</strong></span> <span class='ocrx_word' id='word_1_112' title='bbox 999 2287 1076 2330; x_wconf 79' lang='lat' dir='ltr'><strong>tero</strong></span> 
     </span>
    </p>
   </div>
   <div class='ocr_carea' id='block_1_3' title="bbox 56 2374 1077 2920">
    <p class='ocr_par' dir='ltr' id='par_1_3' title="bbox 56 2374 1077 2920">
     <span class='ocr_line' id='line_1_16' title="bbox 57 2374 1077 2463; baseline -0.001 -19"><span class='ocrx_word' id='word_1_113' title='bbox 57 2395 147 2463; x_wconf 88' lang='lat' dir='ltr'><strong>poeta</strong></span> <span class='ocrx_word' id='word_1_114' title='bbox 166 2380 278 2444; x_wconf 87' lang='lat' dir='ltr'><strong>laudes</strong></span> <span class='ocrx_word' id='word_1_115' title='bbox 298 2381 442 2460; x_wconf 85' lang='lat' dir='ltr'><strong>puellae,</strong></span> <span class='ocrx_word' id='word_1_116' title='bbox 464 2375 509 2438; x_wconf 90' lang='lat' dir='ltr'><strong>ita</strong></span> <span class='ocrx_word' id='word_1_117' title='bbox 530 2386 623 2441; x_wconf 78' lang='lat' dir='ltr'><strong>vocnt</strong></span> <span class='ocrx_word' id='word_1_118' title='bbox 645 2374 739 2438; x_wconf 89' lang='lat' dir='ltr'><strong>deum</strong></span> <span class='ocrx_word' id='word_1_119' title='bbox 759 2389 796 2441; x_wconf 88' lang='lat' dir='ltr'><strong>ut</strong></span> <span class='ocrx_word' id='word_1_120' title='bbox 817 2378 857 2440; x_wconf 93' lang='lat' dir='ltr'><strong>ad</strong></span> <span class='ocrx_word' id='word_1_121' title='bbox 878 2378 1077 2460; x_wconf 77' lang='lat' dir='ltr'><strong>spectandam</strong></span> 
     </span>
     <span class='ocr_line' id='line_1_17' title="bbox 57 2491 1076 2578; baseline -0.001 -17"><span class='ocrx_word' id='word_1_122' title='bbox 57 2496 286 2561; x_wconf 82' lang='lat' dir='ltr'><strong>ornatissimam</strong></span> <span class='ocrx_word' id='word_1_123' title='bbox 305 2491 459 2557; x_wconf 82' lang='lat' dir='ltr'><strong>Kalendis</strong></span> <span class='ocrx_word' id='word_1_124' title='bbox 481 2493 544 2556; x_wconf 79' lang='lat' dir='ltr'><strong>auis</strong></span> <span class='ocrx_word' id='word_1_125' title='bbox 568 2494 710 2574; x_wconf 85' lang='lat' dir='ltr'><strong>puellam</strong></span> <span class='ocrx_word' id='word_1_126' title='bbox 732 2493 848 2558; x_wconf 76' lang='lat' dir='ltr'><strong>veniat.</strong></span> <span class='ocrx_word' id='word_1_127' title='bbox 890 2492 979 2570; x_wconf 84' lang='lat' dir='ltr'><strong>Quae</strong></span> <span class='ocrx_word' id='word_1_128' title='bbox 1003 2519 1076 2578; x_wconf 90' lang='lat' dir='ltr'><strong>per-</strong></span> 
     </span>
     <span class='ocr_line' id='line_1_18' title="bbox 57 2606 1077 2694; baseline 0.002 -19"><span class='ocrx_word' id='word_1_129' title='bbox 57 2613 187 2694; x_wconf 86' lang='lat' dir='ltr'><strong>pulchra</strong></span> <span class='ocrx_word' id='word_1_130' title='bbox 212 2610 367 2673; x_wconf 83' lang='lat' dir='ltr'><strong>inventio.</strong></span> <span class='ocrx_word' id='word_1_131' title='bbox 428 2608 496 2671; x_wconf 90' lang='lat' dir='ltr'><strong>lam</strong></span> <span class='ocrx_word' id='word_1_132' title='bbox 526 2608 562 2671; x_wconf 92' lang='lat' dir='ltr'><strong>in</strong></span> <span class='ocrx_word' id='word_1_133' title='bbox 589 2606 694 2671; x_wconf 85' lang='lat' dir='ltr'><strong>medio</strong></span> <span class='ocrx_word' id='word_1_134' title='bbox 724 2610 860 2672; x_wconf 87' lang='lat' dir='ltr'><strong>carmine</strong></span> <span class='ocrx_word' id='word_1_135' title='bbox 890 2610 1077 2677; x_wconf 86' lang='lat' dir='ltr'><strong>describitur</strong></span> 
     </span>
     <span class='ocr_line' id='line_1_19' title="bbox 56 2720 1077 2808; baseline -0.002 -15"><span class='ocrx_word' id='word_1_136' title='bbox 56 2739 203 2793; x_wconf 73' lang='lat' dir='ltr'><strong>venustas</strong></span> <span class='ocrx_word' id='word_1_137' title='bbox 228 2724 354 2808; x_wconf 85' lang='lat' dir='ltr'><strong>puellas</strong></span> <span class='ocrx_word' id='word_1_138' title='bbox 378 2720 448 2805; x_wconf 88' lang='lat' dir='ltr'><strong>ipsa</strong></span> <span class='ocrx_word' id='word_1_139' title='bbox 472 2723 707 2801; x_wconf 83' lang='lat' dir='ltr'><strong>elegantissime.</strong></span> <span class='ocrx_word' id='word_1_140' title='bbox 757 2725 905 2806; x_wconf 88' lang='lat' dir='ltr'><strong>Denique</strong></span> <span class='ocrx_word' id='word_1_141' title='bbox 931 2726 965 2786; x_wconf 91' lang='lat' dir='ltr'><strong>in</strong></span> <span class='ocrx_word' id='word_1_142' title='bbox 989 2730 1077 2791; x_wconf 86' lang='lat' dir='ltr'><strong>exitu</strong></span> 
     </span>
     <span class='ocr_line' id='line_1_20' title="bbox 57 2836 1076 2920; baseline 0 -14"><span class='ocrx_word' id='word_1_143' title='bbox 57 2854 127 2906; x_wconf 81' lang='lat' dir='ltr'><strong>rota</strong></span> <span class='ocrx_word' id='word_1_144' title='bbox 154 2842 253 2917; x_wconf 86' lang='lat' dir='ltr'><strong>liunt,</strong></span> <span class='ocrx_word' id='word_1_145' title='bbox 282 2850 320 2901; x_wconf 86' lang='lat' dir='ltr'><strong>ut</strong></span> <span class='ocrx_word' id='word_1_146' title='bbox 345 2838 462 2901; x_wconf 91' lang='lat' dir='ltr'><strong>multos</strong></span> <span class='ocrx_word' id='word_1_147' title='bbox 487 2836 523 2900; x_wconf 92' lang='lat' dir='ltr'><strong>in</strong></span> <span class='ocrx_word' id='word_1_148' title='bbox 551 2858 651 2901; x_wconf 88' lang='lat' dir='ltr'><strong>annes</strong></span> <span class='ocrx_word' id='word_1_149' title='bbox 676 2837 852 2900; x_wconf 89' lang='lat' dir='ltr'><strong>celebretur</strong></span> <span class='ocrx_word' id='word_1_150' title='bbox 870 2840 989 2920; x_wconf 86' lang='lat' dir='ltr'><strong>pariter</strong></span> <span class='ocrx_word' id='word_1_151' title='bbox 1014 2843 1076 2907; x_wconf 88' lang='lat' dir='ltr'><strong>hoe</strong></span> 
     </span>
    </p>
   </div>
   <div class='ocr_carea' id='block_1_4' title="bbox 57 2951 1077 3253">
    <p class='ocr_par' dir='ltr' id='par_1_4' title="bbox 57 2951 1077 3253">
     <span class='ocr_line' id='line_1_21' title="bbox 57 2951 1077 3036; baseline 0 -19"><span class='ocrx_word' id='word_1_152' title='bbox 57 2957 168 3019; x_wconf 79' lang='lat' dir='ltr'><strong>festum</strong></span> <span class='ocrx_word' id='word_1_153' title='bbox 187 2951 285 3016; x_wconf 90' lang='lat' dir='ltr'><strong>laude</strong></span> <span class='ocrx_word' id='word_1_154' title='bbox 299 2954 474 3017; x_wconf 87' lang='lat' dir='ltr'><strong>Musarum.</strong></span> <span class='ocrx_word' id='word_1_155' title='bbox 515 2953 631 3017; x_wconf 84' lang='lat' dir='ltr'><strong>Notavi</strong></span> <span class='ocrx_word' id='word_1_156' title='bbox 650 2952 713 3015; x_wconf 90' lang='lat' dir='ltr'><strong>iam</strong></span> <span class='ocrx_word' id='word_1_157' title='bbox 733 2973 829 3036; x_wconf 90' lang='lat' dir='ltr'><strong>supra</strong></span> <span class='ocrx_word' id='word_1_158' title='bbox 849 2954 929 3015; x_wconf 89' lang='lat' dir='ltr'><strong>nibil</strong></span> <span class='ocrx_word' id='word_1_159' title='bbox 949 2956 1077 3017; x_wconf 90' lang='lat' dir='ltr'><strong>concin-</strong></span> 
     </span>
     <span class='ocr_line' id='line_1_22' title="bbox 58 3062 1076 3149; baseline -0.003 -17"><span class='ocrx_word' id='word_1_160' title='bbox 58 3069 124 3132; x_wconf 85' lang='lat' dir='ltr'><strong>nius</strong></span> <span class='ocrx_word' id='word_1_161' title='bbox 144 3067 285 3149; x_wconf 85' lang='lat' dir='ltr'><strong>reperiri</strong></span> <span class='ocrx_word' id='word_1_162' title='bbox 299 3085 392 3148; x_wconf 87' lang='lat' dir='ltr'><strong>pesse</strong></span> <span class='ocrx_word' id='word_1_163' title='bbox 413 3063 551 3146; x_wconf 78' lang='lat' dir='ltr'><strong>elegidiis</strong></span> <span class='ocrx_word' id='word_1_164' title='bbox 570 3065 646 3127; x_wconf 90' lang='lat' dir='ltr'><strong>libri</strong></span> <span class='ocrx_word' id='word_1_165' title='bbox 664 3067 778 3148; x_wconf 88' lang='lat' dir='ltr'><strong>quarti.</strong></span> <span class='ocrx_word' id='word_1_166' title='bbox 821 3062 883 3125; x_wconf 88' lang='lat' dir='ltr'><strong>Sed</strong></span> <span class='ocrx_word' id='word_1_167' title='bbox 899 3064 971 3128; x_wconf 87' lang='lat' dir='ltr'><strong>vide</strong></span> <span class='ocrx_word' id='word_1_168' title='bbox 991 3087 1076 3129; x_wconf 90' lang='lat' dir='ltr'><strong>nune</strong></span> 
     </span>
     <span class='ocr_line' id='line_1_23' title="bbox 59 3175 1077 3253; baseline -0.011 -5"><span class='ocrx_word' id='word_1_169' title='bbox 59 3186 114 3247; x_wconf 81' lang='lat' dir='ltr'><strong>alia</strong></span> <span class='ocrx_word' id='word_1_170' title='bbox 134 3183 269 3246; x_wconf 85' lang='lat' dir='ltr'><strong>maiora.</strong></span> <span class='ocrx_word' id='word_1_171' title='bbox 310 3177 457 3241; x_wconf 82' lang='lat' dir='ltr'><strong>Carmine</strong></span> <span class='ocrx_word' id='word_1_172' title='bbox 479 3177 520 3253; x_wconf 89' lang='grc' dir='ltr'><strong>ΙΙ,</strong></span> <span class='ocrx_word' id='word_1_173' title='bbox 537 3180 567 3238; x_wconf 93' lang='grc'><strong>1.</strong></span> <span class='ocrx_word' id='word_1_174' title='bbox 589 3177 756 3237; x_wconf 89' lang='lat' dir='ltr'><strong>exhibetur</strong></span> <span class='ocrx_word' id='word_1_175' title='bbox 771 3175 1007 3237; x_wconf 83' lang='lat' dir='ltr'><strong>Ambarvalium</strong></span> <span class='ocrx_word' id='word_1_176' title='bbox 1028 3197 1077 3237; x_wconf 86' lang='lat' dir='ltr'><strong>sa·</strong></span> 
     </span>
    </p>
   </div>
   <div class='ocr_carea' id='block_1_5' title="bbox 52 3288 1077 4410">
    <p class='ocr_par' dir='ltr' id='par_1_5' title="bbox 52 3288 1077 4410">
     <span class='ocr_line' id='line_1_24' title="bbox 60 3288 1077 3375; baseline -0.011 -12"><span class='ocrx_word' id='word_1_177' title='bbox 60 3318 183 3362; x_wconf 82' lang='lat' dir='ltr'><strong>erorum</strong></span> <span class='ocrx_word' id='word_1_178' title='bbox 196 3298 318 3375; x_wconf 78' lang='lat' dir='ltr'><strong>imago;</strong></span> <span class='ocrx_word' id='word_1_179' title='bbox 338 3294 415 3355; x_wconf 89' lang='lat' dir='ltr'><strong>haee</strong></span> <span class='ocrx_word' id='word_1_180' title='bbox 430 3290 525 3371; x_wconf 85' lang='lat' dir='ltr'><strong>igitur</strong></span> <span class='ocrx_word' id='word_1_181' title='bbox 541 3302 588 3353; x_wconf 81' lang='lat' dir='ltr'><strong>ast</strong></span> <span class='ocrx_word' id='word_1_182' title='bbox 602 3288 673 3351; x_wconf 88' lang='lat' dir='ltr'><strong>idea</strong></span> <span class='ocrx_word' id='word_1_183' title='bbox 689 3291 814 3369; x_wconf 84' lang='lat' dir='ltr'><strong>elegiae.</strong></span> <span class='ocrx_word' id='word_1_184' title='bbox 853 3288 918 3348; x_wconf 85' lang='lat' dir='ltr'><strong>lam</strong></span> <span class='ocrx_word' id='word_1_185' title='bbox 935 3291 1077 3352; x_wconf 88' lang='lat' dir='ltr'><strong>tractatio</strong></span> 
     </span>
     <span class='ocr_line' id='line_1_25' title="bbox 59 3399 1076 3490; baseline -0.01 -13"><span class='ocrx_word' id='word_1_186' title='bbox 59 3414 131 3476; x_wconf 83' lang='lat' dir='ltr'><strong>baec</strong></span> <span class='ocrx_word' id='word_1_187' title='bbox 152 3424 219 3489; x_wconf 84' lang='lat' dir='ltr'><strong>est,</strong></span> <span class='ocrx_word' id='word_1_188' title='bbox 245 3422 281 3472; x_wconf 93' lang='lat' dir='ltr'><strong>ut</strong></span> <span class='ocrx_word' id='word_1_189' title='bbox 302 3409 462 3472; x_wconf 86' lang='lat' dir='ltr'><strong>celebrans</strong></span> <span class='ocrx_word' id='word_1_190' title='bbox 485 3399 758 3490; x_wconf 55' lang='lat' dir='ltr'><strong>aliqnando&#39;haec</strong></span> <span class='ocrx_word' id='word_1_191' title='bbox 782 3424 870 3467; x_wconf 88' lang='lat' dir='ltr'><strong>sacra</strong></span> <span class='ocrx_word' id='word_1_192' title='bbox 890 3404 925 3465; x_wconf 90' lang='lat' dir='ltr'><strong>in</strong></span> <span class='ocrx_word' id='word_1_193' title='bbox 945 3402 1076 3485; x_wconf 87' lang='lat' dir='ltr'><strong>praedio</strong></span> 
     </span>
     <span class='ocr_line' id='line_1_26' title="bbox 59 3522 1075 3610; baseline -0.011 -19"><span class='ocrx_word' id='word_1_194' title='bbox 59 3548 112 3593; x_wconf 88' lang='lat' dir='ltr'><strong>suo</strong></span> <span class='ocrx_word' id='word_1_195' title='bbox 138 3539 237 3610; x_wconf 83' lang='lat' dir='ltr'><strong>poeta</strong></span> <span class='ocrx_word' id='word_1_196' title='bbox 263 3525 366 3607; x_wconf 84' lang='lat' dir='ltr'><strong>ipsam</strong></span> <span class='ocrx_word' id='word_1_197' title='bbox 391 3545 460 3587; x_wconf 86' lang='lat' dir='ltr'><strong>rem</strong></span> <span class='ocrx_word' id='word_1_198' title='bbox 481 3522 558 3586; x_wconf 90' lang='lat' dir='ltr'><strong>dum</strong></span> <span class='ocrx_word' id='word_1_199' title='bbox 581 3522 683 3602; x_wconf 81' lang='lat' dir='ltr'><strong>agitur</strong></span> <span class='ocrx_word' id='word_1_200' title='bbox 709 3535 768 3603; x_wconf 90' lang='lat' dir='ltr'><strong>per</strong></span> <span class='ocrx_word' id='word_1_201' title='bbox 795 3533 882 3582; x_wconf 89' lang='lat' dir='ltr'><strong>actus</strong></span> <span class='ocrx_word' id='word_1_202' title='bbox 907 3539 981 3582; x_wconf 92' lang='lat' dir='ltr'><strong>suos</strong></span> <span class='ocrx_word' id='word_1_203' title='bbox 1003 3532 1075 3583; x_wconf 84' lang='lat' dir='ltr'><strong>anta</strong></span> 
     </span>
     <span class='ocr_line' id='line_1_27' title="bbox 60 3632 1077 3722; baseline -0.011 -17"><span class='ocrx_word' id='word_1_204' title='bbox 60 3642 163 3705; x_wconf 85' lang='lat' dir='ltr'><strong>nsnlos</strong></span> <span class='ocrx_word' id='word_1_205' title='bbox 189 3651 306 3722; x_wconf 82' lang='lat' dir='ltr'><strong>ponat,</strong></span> <span class='ocrx_word' id='word_1_206' title='bbox 337 3650 431 3721; x_wconf 84' lang='lat' dir='ltr'><strong>atque</strong></span> <span class='ocrx_word' id='word_1_207' title='bbox 462 3634 636 3697; x_wconf 85' lang='lat' dir='ltr'><strong>absolvitur</strong></span> <span class='ocrx_word' id='word_1_208' title='bbox 662 3647 763 3696; x_wconf 89' lang='lat' dir='ltr'><strong>tetum</strong></span> <span class='ocrx_word' id='word_1_209' title='bbox 792 3632 964 3697; x_wconf 84' lang='lat' dir='ltr'><strong>indictione</strong></span> <span class='ocrx_word' id='word_1_210' title='bbox 988 3632 1077 3711; x_wconf 85' lang='lat' dir='ltr'><strong>sacri,</strong></span> 
     </span>
     <span class='ocr_line' id='line_1_28' title="bbox 58 3744 1076 3835; baseline -0.014 -16"><span class='ocrx_word' id='word_1_211' title='bbox 58 3776 90 3819; x_wconf 84' lang='lat' dir='ltr'><strong>re</strong></span> <span class='ocrx_word' id='word_1_212' title='bbox 111 3753 220 3819; x_wconf 75' lang='lat' dir='ltr'><strong>diviua</strong></span> <span class='ocrx_word' id='word_1_213' title='bbox 240 3754 327 3835; x_wconf 87' lang='lat' dir='ltr'><strong>ipsa,</strong></span> <span class='ocrx_word' id='word_1_214' title='bbox 357 3753 445 3814; x_wconf 79' lang='lat' dir='ltr'><strong>exitu</strong></span> <span class='ocrx_word' id='word_1_215' title='bbox 466 3753 548 3814; x_wconf 83' lang='lat' dir='ltr'><strong>festi.</strong></span> <span class='ocrx_word' id='word_1_216' title='bbox 598 3749 696 3829; x_wconf 79' lang='lat' dir='ltr'><strong>Igitur</strong></span> <span class='ocrx_word' id='word_1_217' title='bbox 711 3748 751 3810; x_wconf 68' lang='lat' dir='ltr'><strong>&#39;iu</strong></span> <span class='ocrx_word' id='word_1_218' title='bbox 773 3747 905 3810; x_wconf 87' lang='lat' dir='ltr'><strong>exordio</strong></span> <span class='ocrx_word' id='word_1_219' title='bbox 928 3744 1076 3807; x_wconf 88' lang='lat' dir='ltr'><strong>indicitur</strong></span> 
     </span>
     <span class='ocr_line' id='line_1_29' title="bbox 58 3860 1077 3945; baseline -0.018 -12"><span class='ocrx_word' id='word_1_220' title='bbox 58 3888 195 3932; x_wconf 77' lang='lat' dir='ltr'><strong>samumt</strong></span> <span class='ocrx_word' id='word_1_221' title='bbox 218 3877 373 3930; x_wconf 85' lang='lat' dir='ltr'><strong>vocantur</strong></span> <span class='ocrx_word' id='word_1_222' title='bbox 393 3863 452 3941; x_wconf 88' lang='lat' dir='ltr'><strong>dii,</strong></span> <span class='ocrx_word' id='word_1_223' title='bbox 476 3860 671 3945; x_wconf 89' lang='lat' dir='ltr'><strong>praecipitur</strong></span> <span class='ocrx_word' id='word_1_224' title='bbox 691 3861 820 3921; x_wconf 87' lang='lat' dir='ltr'><strong>cessatio</strong></span> <span class='ocrx_word' id='word_1_225' title='bbox 841 3860 1003 3931; x_wconf 86' lang='lat' dir='ltr'><strong>laborum,</strong></span> <span class='ocrx_word' id='word_1_226' title='bbox 1026 3876 1077 3916; x_wconf 91' lang='lat' dir='ltr'><strong>ar·</strong></span> 
     </span>
     <span class='ocr_line' id='line_1_30' title="bbox 57 3967 1076 4068; baseline -0.019 -19"><span class='ocrx_word' id='word_1_227' title='bbox 57 3998 165 4049; x_wconf 85' lang='lat' dir='ltr'><strong>centur</strong></span> <span class='ocrx_word' id='word_1_228' title='bbox 187 3983 244 4068; x_wconf 88' lang='lat' dir='ltr'><strong>qui</strong></span> <span class='ocrx_word' id='word_1_229' title='bbox 264 4002 331 4046; x_wconf 91' lang='lat' dir='ltr'><strong>non</strong></span> <span class='ocrx_word' id='word_1_230' title='bbox 352 3981 437 4043; x_wconf 76' lang='lat' dir='ltr'><strong>casti</strong></span> <span class='ocrx_word' id='word_1_231' title='bbox 478 3980 516 4041; x_wconf 93' lang='lat' dir='ltr'><strong>In</strong></span> <span class='ocrx_word' id='word_1_232' title='bbox 535 3974 639 4039; x_wconf 87' lang='lat' dir='ltr'><strong>medio</strong></span> <span class='ocrx_word' id='word_1_233' title='bbox 660 3975 807 4050; x_wconf 84' lang='lat' dir='ltr'><strong>carmine,</strong></span> <span class='ocrx_word' id='word_1_234' title='bbox 829 3972 885 4033; x_wconf 89' lang='lat' dir='ltr'><strong>ubi</strong></span> <span class='ocrx_word' id='word_1_235' title='bbox 902 3991 952 4032; x_wconf 86' lang='lat' dir='ltr'><strong>res</strong></span> <span class='ocrx_word' id='word_1_236' title='bbox 970 3967 1076 4031; x_wconf 83' lang='lat' dir='ltr'><strong>divina</strong></span> 
     </span>
     <span class='ocr_line' id='line_1_31' title="bbox 55 4084 1075 4181; baseline -0.018 -17"><span class='ocrx_word' id='word_1_237' title='bbox 55 4097 123 4181; x_wconf 79' lang='lat' dir='ltr'><strong>ipsa</strong></span> <span class='ocrx_word' id='word_1_238' title='bbox 143 4098 195 4177; x_wconf 82' lang='lat' dir='ltr'><strong>fit,</strong></span> <span class='ocrx_word' id='word_1_239' title='bbox 218 4096 299 4160; x_wconf 88' lang='lat' dir='ltr'><strong>duos</strong></span> <span class='ocrx_word' id='word_1_240' title='bbox 319 4107 408 4159; x_wconf 89' lang='lat' dir='ltr'><strong>aetus</strong></span> <span class='ocrx_word' id='word_1_241' title='bbox 428 4092 616 4173; x_wconf 82' lang='lat' dir='ltr'><strong>distinguas3</strong></span> <span class='ocrx_word' id='word_1_242' title='bbox 640 4088 778 4171; x_wconf 89' lang='lat' dir='ltr'><strong>primum</strong></span> <span class='ocrx_word' id='word_1_243' title='bbox 798 4085 883 4148; x_wconf 89' lang='lat' dir='ltr'><strong>enim</strong></span> <span class='ocrx_word' id='word_1_244' title='bbox 904 4086 938 4148; x_wconf 91' lang='lat' dir='ltr'><strong>fit</strong></span> <span class='ocrx_word' id='word_1_245' title='bbox 959 4084 1075 4147; x_wconf 83' lang='lat' dir='ltr'><strong>sacrifi·</strong></span> 
     </span>
     <span class='ocr_line' id='line_1_32' title="bbox 56 4197 1076 4294; baseline -0.021 -16"><span class='ocrx_word' id='word_1_246' title='bbox 56 4213 154 4291; x_wconf 89' lang='lat' dir='ltr'><strong>cium,</strong></span> <span class='ocrx_word' id='word_1_247' title='bbox 176 4233 251 4294; x_wconf 77' lang='lat' dir='ltr'><strong>ergo</strong></span> <span class='ocrx_word' id='word_1_248' title='bbox 272 4208 512 4287; x_wconf 82' lang='lat' dir='ltr'><strong>ciresrmductio‚</strong></span> <span class='ocrx_word' id='word_1_249' title='bbox 540 4202 711 4269; x_wconf 87' lang='lat' dir='ltr'><strong>immolatio</strong></span> <span class='ocrx_word' id='word_1_250' title='bbox 732 4199 853 4263; x_wconf 85' lang='lat' dir='ltr'><strong>hostiae</strong></span> <span class='ocrx_word' id='word_1_251' title='bbox 874 4210 906 4261; x_wconf 80' lang='lat' dir='ltr'><strong>et</strong></span> <span class='ocrx_word' id='word_1_252' title='bbox 924 4197 1076 4281; x_wconf 82' lang='lat' dir='ltr'><strong>precatio,</strong></span> 
     </span>
     <span class='ocr_line' id='line_1_33' title="bbox 52 4313 1074 4410; baseline -0.018 -17"><span class='ocrx_word' id='word_1_253' title='bbox 52 4327 169 4393; x_wconf 88' lang='lat' dir='ltr'><strong>deinde</strong></span> <span class='ocrx_word' id='word_1_254' title='bbox 187 4329 300 4410; x_wconf 86' lang='lat' dir='ltr'><strong>epulae</strong></span> <span class='ocrx_word' id='word_1_255' title='bbox 319 4337 496 4410; x_wconf 86' lang='lat' dir='ltr'><strong>sequuntur</strong></span> <span class='ocrx_word' id='word_1_256' title='bbox 514 4342 586 4385; x_wconf 91' lang='lat' dir='ltr'><strong>cum</strong></span> <span class='ocrx_word' id='word_1_257' title='bbox 604 4330 707 4385; x_wconf 86' lang='lat' dir='ltr'><strong>cantu.</strong></span> <span class='ocrx_word' id='word_1_258' title='bbox 749 4316 853 4399; x_wconf 79' lang='lat' dir='ltr'><strong>Atque</strong></span> <span class='ocrx_word' id='word_1_259' title='bbox 868 4314 954 4376; x_wconf 90' lang='lat' dir='ltr'><strong>hunc</strong></span> <span class='ocrx_word' id='word_1_260' title='bbox 969 4313 1074 4376; x_wconf 89' lang='lat' dir='ltr'><strong>locum</strong></span> 
     </span>
    </p>
   </div>
   <div class='ocr_carea' id='block_1_6' title="bbox 0 0 1238 4838">
    <p class='ocr_par' dir='ltr' id='par_1_6' title="bbox 0 0 1238 4838">
     <span class='ocr_line' id='line_1_34' title="bbox 0 0 1238 4838; baseline 0 1"><span class='ocrx_word' id='word_1_261' title='bbox 0 0 1238 4838; x_wconf 95' lang='lat' dir='ltr'><strong> </strong></span> 
     </span>
    </p>
   </div>
  </div>
 </body>
</html>
