2468 4838
168 594 291 635 xxxvtu
579 569 636 631 DE
658 566 777 634 POESI

170 751 252 813 ruris
280 762 310 810 et
340 749 473 810 rusticae
502 742 585 810 vitae
614 740 719 808 studio
749 744 913 806 tenebatur
943 745 1100 823 maximo,
1132 768 1187 810 nec.

171 867 248 932 vidit
269 865 435 946 antiquitas
456 874 582 943 poetam
603 861 786 939 elegiacum,
816 860 849 920 in
872 880 937 941 quo
955 872 1127 944 utrumque
1148 862 1189 922 sie

172 992 252 1044 esset
271 981 481 1042 coniunctum.
523 975 635 1037 Gestae
651 976 690 1035 ab
707 992 745 1034 eo
759 974 807 1034 rei
826 993 919 1034 nemo
939 985 1083 1036 veterum
1104 994 1190 1036 men·

171 1099 289 1159 tionem
310 1094 397 1170 fecit,
426 1088 580 1172 stipendia
608 1087 743 1152 vidimus
764 1087 898 1150 invitum
918 1089 1087 1165 meruisse,
1121 1100 1192 1167 post

174 1231 254 1293 quae
279 1209 373 1271 semel
393 1206 508 1268 iterum
529 1207 596 1268 sola
617 1204 750 1267 amicitia
773 1202 925 1265 Messalae
953 1203 1126 1266 abstractus
1147 1215 1192 1263 est

173 1324 284 1401 dom03
320 1344 377 1384 nec
405 1320 492 1384 urbis
519 1317 670 1401 splendor
695 1331 726 1379 et
747 1318 875 1381 ambitio
898 1317 999 1380 tenuit
1020 1337 1109 1392 eum,
1139 1317 1194 1398 qui

175 1440 243 1500 aliis
265 1437 481 1517 voluptatibus
512 1457 531 1497 a
558 1455 659 1516 puero
690 1436 883 1498 assuevisset.
935 1433 980 1495 Ac
1008 1430 1193 1494 domesticae

175 1552 257 1616 vitae
287 1552 405 1634 otiique
427 1548 655 1632 tranquillitas,
683 1546 861 1629 simplicitas
890 1545 990 1621 ruris,
1023 1544 1195 1628 antiquitus

176 1675 277 1727 amata
296 1663 461 1741 Romanis,
494 1662 587 1725 etiam
607 1660 771 1743 pulchrior
798 1681 923 1723 necesse
946 1671 1012 1722 erat
1033 1656 1196 1723 videretur

175 1775 444 1859 generosioribus,
475 1788 641 1856 postquam
667 1774 794 1835 luxuria
816 1774 918 1835 omnis
940 1772 1064 1853 generis
1084 1773 1197 1836 urbem

175 1894 333 1955 invaserat
356 1902 387 1953 et
406 1891 542 1972 perierat
561 1891 688 1952 libertas
709 1888 852 1971 publica3
864 1909 930 1963 ,uec
950 1886 1100 1970 praedam
1121 1909 1196 1971 prae

177 2008 303 2071 Venere
323 2006 494 2069 laudabant
516 2026 634 2086 onmes,
656 2006 712 2069 etsi
733 2007 871 2069 ferreum
886 2018 965 2070 esset
980 1999 1198 2092 saeculum*);

178 2122 323 2184 Tibullus
344 2141 421 2186 vero
444 2141 516 2186 cum
537 2120 691 2203 imprimis
718 2122 866 2203 proclivis
893 2134 973 2184 esset
998 2119 1038 2183 ad
1066 2122 1124 2185 bas
1152 2122 1198 2185 af·

179 2236 346 2317 lectiones,
378 2250 481 2300 tamen
512 2237 604 2300 etiam
628 2234 841 2299 deminutione
868 2235 944 2313 ista,
978 2255 1075 2318 quam
1102 2255 1200 2319 supra

178 2351 428 2429 memoravimus,
448 2351 628 2432 patrimonii
645 2352 780 2412 assaltum
799 2347 1000 2411 confirmatus
1020 2344 1148 2413 videtur
1165 2347 1201 2412 in

179 2463 240 2523 hoc
261 2484 373 2544 genere
395 2483 542 2528 sensuum
565 2462 725 2546 vitaeque,
756 2461 795 2524 ad
823 2461 909 2546 quod
936 2476 1049 2528 neutra
1076 2464 1201 2528 fereba-

180 2590 242 2639 tur.
292 2576 367 2639 Non
393 2575 519 2640 videtur
547 2597 688 2661 nuspiam
713 2577 780 2639 sine
803 2574 913 2638 dolere
936 2574 1074 2659 quodam
1094 2599 1202 2641 recor*

181 2688 271 2751 datus
300 2710 365 2752 esse
395 2690 578 2753 amissorum
608 2691 767 2753 bonorum
795 2711 866 2753 cum
892 2691 990 2753 vitula
1017 2690 1202 2755 innumeros

181 2806 327 2867 lustraret
341 2804 509 2865 invenenat
531 2802 574 2865 sic
589 2804 680 2867 ctiam
697 2802 798 2864 carius
813 2803 930 2865 factum
946 2803 1033 2887 quod
1047 2803 1203 2883 relictum,

184 2917 286 2980 carior
307 2912 395 2976 sedes
416 2916 620 3007 veterinum,
641 2915 776 2978 cariores
796 2918 879 2979 lares
900 2912 997 2979 felicis
1020 2918 1097 2980 olim
1117 2940 1203 2981 nunc

183 3029 331 3111 pauperis
354 3024 419 3107 agri
442 3025 603 3106 custodes,
626 3040 657 3089 et
678 3029 734 3110 qui
756 3025 872 3092 divitiis
893 3043 1019 3112 patrum
1042 3034 1205 3115 ampliori·

184 3147 243 3207 bns
267 3164 300 3206 se
322 3141 502 3205 destitutum
523 3143 664 3222 videbat,
695 3166 779 3207 nune
803 3145 975 3227 pauperior
997 3147 1097 3210 sactus
1120 3161 1204 3212 totus

184 3255 224 3320 ad
244 3258 324 3319 hanc
353 3257 537 3319 tenuitatem
559 3258 706 3321 iorbsnae
737 3259 876 3320 animum
900 3264 1091 3342 composuit,
1122 3274 1154 3323 et
1175 3267 1204 3323 ia

184 3373 375 3433 mediocritate
392 3374 512 3454 placilla
540 3378 628 3451 sitae,
660 3395 734 3459 qaae
762 3379 790 3436 iu
816 3377 990 3457 simplicitate
1018 3383 1094 3439 ruris
1120 3390 1149 3439 et
1176 3383 1207 3439 ia

182 3486 292 3565 puellae
311 3496 428 3547 amatae
449 3508 501 3547 usu
520 3493 735 3567 trainigcretar,
755 3486 921 3570 felicitatem
943 3492 1062 3553 idealem
1083 3512 1206 3575 quaere·

185 3600 252 3675 bat,
280 3604 359 3661 cuius
387 3600 555 3664 desideriam
583 3610 709 3666 innatum
737 3619 800 3668 erat
827 3614 929 3669 aniate.
973 3607 1077 3688 Atque
1099 3605 1135 3666 in
1155 3606 1206 3669 his

184 3716 326 3777 sensibus
352 3714 488 3795 habitat,
521 3717 555 3778 hi
578 3730 652 3779 sunt
672 3716 875 3780 fundamenta
896 3737 1027 3800 poeseos
1050 3720 1207 3780 Tibullia·

186 3850 253 3890 nac.
295 3828 449 3892 Bellieosa
468 3850 533 3892 non
557 3844 623 3893 erat
644 3832 744 3896 Musa-
759 3834 893 3909 Tibulli,
921 3854 978 3894 nec
1001 3829 1040 3894 ad
1062 3834 1206 3913 politicas

185 3961 236 4002 res
257 3943 456 4008 celebrandas
477 3967 651 4027 propensa3
675 3968 747 4009 cum
767 3947 971 4007 nihilominus
994 3947 1043 4008 bis
1064 3945 1099 4005 in
1120 3946 1207 4009 bunc

187 4077 329 4136 campum
348 4059 536 4131 descendere
553 4062 689 4141 deberet,
711 4065 799 4127 iuvat
819 4064 986 4127 observare
1011 4079 1109 4143 quam
1130 4062 1205 4122 scite

188 4214 467 4237 *ιη-...-

258 4316 285 4384 ¹)
303 4316 337 4385 ll,
357 4322 381 4385 3,
401 4324 444 4375 35.
