2468 4838
498 564 681 631 'l'lBULLL
1013 589 1097 635 xcvu

66 740 173 823 elegia.
228 737 354 821 Nempe
381 734 551 821 primarius
577 738 707 802 affectus
729 737 779 801 tte
802 749 848 803 est
869 737 962 803 dolor
983 738 1096 805 intole-

66 855 177 919 rabilia
206 854 328 917 amoris
355 849 486 913 maximi
507 869 651 913 successu
676 852 819 916 carentis.
860 854 906 917 Ac
930 866 1095 939 postquam

68 964 223 1044 exordio,
258 967 376 1029 frustra
403 966 513 1045 fugere
542 966 690 1046 puellam,
711 967 918 1047 constituens,
950 971 1096 1052 graphice

69 1102 242 1147 aerumnas
271 1080 370 1145 animi
398 1078 598 1148 adumbravit
625 1094 735 1164 poeta,
766 1084 802 1145 in
828 1082 932 1147 medio
960 1085 1095 1147 carmine

71 1197 226 1279 explicate
242 1193 351 1277 prodit
366 1207 398 1259 et
414 1195 528 1260 fortius
544 1198 690 1280 querela,
709 1200 847 1281 primum
864 1199 1097 1279 exsecrationis,

72 1311 188 1377 deinde
218 1311 438 1376 obtestationis
469 1311 604 1376 induens
635 1314 781 1377 formam.
839 1315 981 1379 Primum
1013 1316 1098 1378 enim

73 1440 258 1493 mactetur
277 1427 404 1491 Amoris
424 1428 504 1506 tela,
533 1428 568 1490 iu
590 1429 731 1508 miseria,
759 1449 854 1513 quam
876 1430 972 1493 latius
996 1431 1098 1513 expli·

72 1556 138 1622 cat,
156 1539 390 1625 propemodum
409 1539 572 1624 desperata
582 1543 743 1621 Tibullus,
762 1542 913 1607 indirecte
930 1544 974 1607 sic
991 1557 1097 1608 osten·

72 1653 152 1719 dens
171 1655 298 1737 puellae
318 1663 473 1738 quantum
493 1655 639 1737 patiatur,
660 1653 774 1718 deiude
793 1654 909 1720 directe
928 1678 1098 1722 conuersus

73 1767 114 1832 ad
145 1781 283 1833 amatum
312 1770 488 1833 obtestatur
521 1788 590 1829 eam
623 1790 682 1850 per
712 1789 820 1833 manes
852 1771 970 1835 sororis
1001 1770 1097 1837 modo

73 1896 233 1962 mortuae,
272 1896 309 1947 ut
336 1883 464 1948 taudem
494 1883 594 1948 facilis
624 1885 674 1949 sit.
740 1885 834 1949 Nunc
864 1885 936 1952 vide
967 1888 1097 1951 exitum.

73 1999 245 2081 abrumpit
258 2012 388 2082 repente
405 2003 464 2063 hos
480 2014 624 2083 questus3
646 2022 718 2063 uam
735 2004 872 2084 puellam
887 2023 953 2065 esse
971 2003 1097 2079 bonam,

73 2115 163 2176 lenae
192 2113 322 2195 culpem
348 2133 485 2177 omnem.
533 2114 674 2176 infertur
693 2113 745 2177 hic
773 2116 876 2177 exitus
901 2117 1016 2179 iterum
1040 2136 1098 2196 per

75 2227 282 2293 mutationem
312 2229 502 2308 sententiae,
535 2229 626 2312 quusi
649 2228 809 2311 loquendo
834 2228 986 2310 paulatim
1012 2237 1099 2288 tran-

76 2344 203 2425 quillior
225 2342 324 2405 lectus
344 2343 456 2405 melius
477 2342 628 2421 intelliget
649 2341 720 2424 quis
739 2339 944 2417 accusandus,
968 2339 1098 2401 consilio

76 2475 150 2521 vero
171 2456 320 2519 cumnis
342 2454 462 2537 egregie
483 2452 666 2537 respondet,
687 2454 842 2538 siquidem
865 2476 903 2517 eo
923 2454 1099 2517 absolvitur

75 2566 122 2633 tit
141 2567 357 2651 persuasionis
379 2590 437 2631 nec
458 2566 633 2652 quidquam
646 2581 701 2631 est
721 2570 879 2649 potamius
900 2567 940 2632 ud
961 2588 1099 2630 commo·

76 2678 216 2745 tendum
232 2681 290 2745 tali
303 2683 458 2746 benevole
477 2682 688 2745 excusatione.
731 2682 817 2744 Haec
836 2684 997 2745 hacteuus.
1039 2682 1099 2742 Ac-

76 2796 215 2863 oedimus
239 2795 281 2860 ed
300 2798 438 2860 carmim
460 2798 494 2859 iu
515 2797 655 2874 Deliam,
686 2818 824 2880 quorum
844 2800 946 2860 maior
972 2816 1100 2877 compo·

75 2913 158 2977 sitio.
200 2911 307 2994 Atque
326 2923 363 2975 ut
379 2913 516 2994 primum
534 2911 573 2974 de
594 2914 731 2975 carmine
749 2912 772 2989 l,
786 2919 817 2975 6.
839 2911 955 2990 (licam,
976 2913 1099 2993 gavisus

76 3040 143 3091 emt
161 3028 311 3091 Tibullus
332 3027 523 3110 aliquamdiu
543 3029 627 3090 solus
648 3048 708 3089 usu
723 3027 851 3105 Deliae,
873 3049 944 3090 cum
964 3026 1100 3107 suspicio

75 3140 200 3220 incidit,
222 3141 319 3204 alium
335 3141 427 3203 tacita
445 3152 538 3203 nocte
555 3163 575 3202 a
589 3139 683 3201 Delia
699 3140 816 3218 foveri3
839 3161 921 3222 quae
937 3138 1101 3218 inopinate

76 3255 208 3341 perfidia
228 3257 430 3321 vehementer
450 3254 585 3319 irritavit
607 3265 744 3336 poetam.
794 3254 850 3316 Est
868 3253 964 3333 igitur
984 3252 1101 3335 prime·

75 3371 142 3435 tius
171 3371 302 3434 affectus
328 3369 445 3449 elegiae
473 3370 640 3452 zelotypia.
692 3368 797 3451 Atque
824 3365 991 3430 exordium
1016 3366 1102 3449 ipsos

77 3494 206 3568 qttestus
232 3501 334 3545 novae
363 3480 513 3564 perfidiae
541 3483 653 3560 habet,
686 3482 876 3565 patefaciens
901 3494 1015 3546 statum
1042 3482 1100 3560 rei,

76 3597 109 3663 in
130 3594 240 3661 medio
266 3596 403 3661 emuna
426 3619 445 3659 a
469 3597 597 3679 querele
621 3593 662 3657 ad
684 3597 901 3660 coercitionem
929 3596 1031 3677 pergit
1053 3595 1101 3657 af·

76 3714 177 3777 stetim
203 3712 324 3791 matus,
364 3724 396 3775 et
425 3712 562 3775 maxima
593 3734 736 3795 quaeque
767 3711 1029 3789 comminiscitur,
1066 3721 1101 3772 ut

77 3825 270 3910 reprimatur
284 3825 395 3889 leuitas
408 3824 530 3888 Deliae.
572 3827 616 3889 Ac
634 3825 770 3908 primum
787 3824 915 3908 quidem
929 3823 1102 3888 custodiam

79 3961 220 4007 meram
247 3936 428 4001 meditatur.
475 3935 564 4014 Quae
585 3960 658 4018 pars
680 3938 714 3999 iu
736 3937 815 4000 duos
840 3939 927 4000 locos
951 3934 1102 4000 dividitur

79 4056 211 4138 pulchra
231 4055 404 4117 mutatione
424 4055 595 4116 sententiae
617 4051 731 4114 ethus
751 4051 826 4113 illuc
846 4049 960 4114 iactato
979 4053 1100 4131 anim03

80 4188 152 4231 nam
172 4178 343 4250 postquem
363 4168 507 4229 hortatus
529 4178 574 4227 est
595 4164 741 4228 maritum
763 4176 800 4227 ut
819 4178 921 4231 servet
940 4163 1102 4246 diligenter

81 4301 214 4346 uxorem
244 4292 276 4343 et
305 4284 355 4344 vel
382 4284 487 4364 ipsum
516 4294 656 4364 poetam,
692 4279 830 4364 prodens
854 4281 987 4362 ingenue
1016 4282 1101 4345 lucta

801 4420 820 4476 li
