2468 4838
488 620 674 687 usuum.
1009 648 1089 691 cxcv

56 796 204 881 Utsrspse
226 796 321 859 locus
341 793 573 878 oppositionem
595 796 749 877 confinem
774 796 920 861 Tibullus
942 801 1091 862 abeuntes

56 909 235 994 adsequitur
257 908 400 985 comites,
430 910 498 989 ipse
517 928 609 988 aeger
627 909 663 970 in
679 906 817 992 Corcyra
840 908 979 974 retentus
994 913 1089 985 solus,

55 1021 241 1106 Lygdamus
264 1021 423 1103 profectos
438 1018 479 1082 ad
494 1020 594 1083 undas
609 1022 750 1085 salubres
770 1023 901 1101 amicos,
924 1022 1000 1085 dum
1020 1024 1089 1106 ipss

58 1134 145 1199 domi
169 1134 257 1199 febri
275 1134 365 1215 gravi
393 1146 558 1215 correptus
578 1133 669 1197 iacet.
718 1135 765 1205 Aa
792 1134 921 1197 minime
943 1136 1088 1219 vitupero

59 1249 314 1332 oppositionem,
335 1268 430 1332 quam
443 1246 624 1331 Lygdamus
644 1248 752 1329 posuit
771 1248 944 1330 poeticam,
965 1262 997 1311 at
1016 1250 1089 1315 vide

59 1364 140 1427 milri
162 1366 313 1427 aldamum
333 1362 471 1425 Tibulli:
501 1362 651 1425 Ausum
678 1364 780 1424 enidos
802 1365 885 1425 Mors
901 1384 1004 1448 precor
1020 1378 1090 1428 otro

60 1496 178 1554 mua,
203 1476 355 1538 Abstineas
374 1477 459 1537 Mors
484 1487 554 1537 otro
571 1496 688 1557 precor,
718 1488 749 1538 et
770 1496 918 1558 compara
935 1476 1091 1559 Lygdami

61 1608 209 1653 vasum:
236 1590 380 1649 Immerito
399 1592 489 1649 moeri
503 1608 595 1670 porse
611 1610 724 1667 msere,
751 1591 819 1651 deo.
871 1587 1021 1653 Similiter
1040 1613 1090 1654 se·

62 1703 194 1785 quentis
212 1702 312 1763 verbs
325 1700 489 1782 utriusque
511 1700 657 1765 carminis
680 1702 707 1762 si
728 1703 976 1782 perlustraveris,
994 1703 1089 1767 uide·

63 1817 111 1877 bis
133 1812 220 1896 apud
242 1813 404 1875 Tibullum
426 1814 506 1891 vim,
528 1812 685 1892 vigorem,
714 1812 853 1876 fluminis
874 1815 973 1878 instar
989 1806 1089 1879 ¹ruen-

61 1939 125 1989 tem
165 1928 332 2002 affectum,
382 1942 455 1987 cnm
492 1922 646 2007 Lygdami
683 1927 781 1990 verba
823 1928 924 1989 multo
963 1929 1086 1993 leniora

62 2043 125 2105 sint
147 2053 184 2103 et
205 2058 360 2123 nusquam
382 2037 497 2101 lortius
516 2038 689 2117 insurgant.
708 2068 753 2085 -
793 2038 958 2103 Postremo
987 2043 1087 2109 affero

63 2150 150 2216 aliud
170 2172 232 2234 par
250 2153 410 2228 laconum,
441 2142 498 2211 ubi
523 2151 605 2212 laeta
624 2168 677 2211 res
697 2161 856 2215 tractatur.
907 2151 1086 2234 Lygdamus

64 2265 101 2329 de
121 2276 249 2349 sperata
268 2263 520 2326 reconciliatione
541 2262 676 2344 loquens
697 2261 772 2323 dicit
790 2261 845 2340 Ill,
867 2269 896 2339 3,
915 2270 975 2327 25:

147 2374 178 2443 0
200 2377 342 2455 nivosus,
358 2394 446 2459 'quae
466 2387 497 2437 te
519 2375 637 2455 poterit
657 2374 734 2435 mihi
754 2372 903 2446 reddere,
925 2377 1044 2440 lucem!

190 2485 220 2553 0
240 2489 319 2551 milri
340 2489 463 2551 felicem
483 2500 594 2569 terque
619 2497 794 2569 quaterque
816 2484 919 2549 diem!

64 2604 208 2666 mulus
236 2600 373 2664 reditum
401 2599 441 2663 ad
467 2601 593 2662 Deliam
614 2620 632 2660 a
653 2599 792 2682 Corcyra
823 2600 962 2677 felicem,
992 2622 1086 2683 quem

64 2728 184 2798 sperat,
208 2711 387 2777 describens
407 2710 654 2792 magnificentius
676 2710 737 2773 ita:
766 2712 798 2788 l,
820 2717 857 2788 3,
876 2710 930 2773 fin.

145 2829 218 2891 Hoc
239 2846 368 2908 precor,
396 2828 482 2888 hunc
504 2826 593 2887 illum
607 2815 705 2886 'nobis
727 2826 852 2886 Aurora
873 2823 1022 2886 nitentem

187 2939 372 3002 Luciferum
391 2938 491 3001 roseis
515 2936 647 3000 candida
664 2949 769 3018 portet
791 2938 889 3019 equis.

65 3055 146 3119 llaec
166 3054 331 3116 haelenae.
371 3050 426 3115 Est
451 3052 546 3131 igitur
564 3048 745 3132 Lygdamus
772 3050 865 3130 longe
893 3049 1027 3111 inferior
1053 3051 1086 3112 vi

65 3168 211 3246 Tibullo,
256 3163 341 3248 quod
363 3186 448 3229 -cum
480 3163 570 3240 dico,
609 3181 674 3223 non
705 3162 855 3223 continuo
892 3163 1018 3242 postulo
1050 3172 1087 3221 ut

66 3301 170 3344 omnes
184 3292 298 3363 poetae
317 3278 468 3357 insignem
482 3274 601 3336 Tibulli
616 3272 680 3337 vim
698 3272 844 3348 habeant,
861 3270 917 3333 sed
933 3269 1012 3331 illud
1028 3291 1086 3352 ago

65 3408 96 3456 ut
118 3393 331 3457 differentiam
355 3391 518 3472 explicem.
561 3385 760 3469 Quamquam
782 3382 866 3466 apud
889 3383 1087 3467 Lygdamum

65 3506 189 3590 quidem
216 3505 308 3568 nimis
331 3524 406 3571 raro
431 3502 594 3565 nervosius
618 3497 694 3581 quid
721 3499 878 3579 reperias,
907 3499 1008 3582 qualis
1035 3499 1086 3561 hic

66 3632 104 3682 est
128 3620 186 3697 ΙΙΙ,
202 3624 234 3696 6,
250 3624 303 3680 56.
323 3636 451 3680 versus:
480 3613 618 3696 Perfida,
641 3614 693 3674 ssd
714 3617 840 3695 quamvis
860 3612 991 3695 perfido,
1011 3633 1088 3673 coro

65 3746 223 3794 tamor.-··
264 3728 360 3793 Aliud
384 3728 560 3791 discrimen.
574 3746 673 3808 aeque
699 3746 845 3807 maguum
868 3728 954 3788 inter
974 3725 1087 3787 Tibul·

65 3847 126 3907 lum
151 3858 184 3908 et
206 3842 404 3926 Lygdamum
429 3846 489 3906 hnc
515 3853 576 3917 est,
610 3838 791 3924 quodcum
816 3841 870 3900 ille
893 3838 1087 3917 emendatae,

66 3972 161 4022 tersae
183 3958 372 4021 elocutionis
392 3969 457 4019 arle
470 3956 608 4017 excellat
629 3966 659 4013 et
682 3964 827 4013 accurato
849 3952 981 4028 iudicio,
1000 3951 1085 4034 Lyg-

67 4070 154 4135 damo
182 4092 283 4154 parva
308 4072 355 4134 vie
384 4068 490 4131 iudicii
511 4068 571 4131 luit
599 4078 630 4127 et
655 4064 790 4129 infantia
815 4062 939 4125 dmendi
963 4085 1014 4139 ea,
1049 4080 1085 4128 ut

66 4188 217 4267 permulta
240 4185 360 4264 inepta,
379 4181 502 4263 putida,
521 4183 605 4244 male
626 4177 708 4241 dicta
730 4180 859 4253 lrabeat,
881 4197 956 4241 raro
978 4192 1082 4242 autem

67 4311 202 4360 carentes
231 4297 308 4358 vilio
340 4298 426 4358 locos
459 4294 617 4375 scripserit
650 4305 681 4355 et
712 4293 768 4373 qui
798 4287 920 4351 laudari
950 4291 1082 4372 possint.

777 4408 800 4466 k
