2468 4838
482 638 683 706 offitium.
1042 662 1091 703 aar

65 811 126 874 vim
156 810 318 877 orationis
346 811 438 877 nimis
467 810 522 876 diu
547 815 729 877 continuata
755 791 964 897 apostrophe,
994 831 1092 896 quare

63 946 102 986 ne
122 924 306 987 ternarium
325 925 454 1009 quidem
474 947 642 990 numerum
662 949 755 1010 saepe
775 928 891 1011 posuit.
907 960 951 975 -
974 926 1092 987 Venia·

62 1058 132 1100 mus
152 1059 243 1100 nunc
258 1037 298 1103 ad
319 1044 482 1122 repetitionis
500 1042 663 1120 schemata,
688 1062 825 1125 quorum
844 1061 920 1104 usus
938 1040 1093 1123 plurimus

62 1149 96 1209 iu
118 1170 216 1230 prosa
242 1150 386 1219 oratioue
411 1165 443 1214 et
465 1153 572 1234 poesi,
603 1152 688 1217 uude
715 1154 778 1217 iam
800 1157 944 1217 rhetores
970 1164 1092 1215 veteres

64 1280 156 1342 saepe
180 1261 220 1325 de
242 1263 280 1324 iis
302 1275 464 1327 notarunt.
506 1267 593 1329 Talis
611 1288 689 1331 vero
710 1280 755 1330 eat
777 1267 915 1349 primum
931 1268 1091 1348 anaphora,

64 1374 95 1433 h.
109 1394 137 1435 e.
158 1375 306 1457 repetitio
328 1380 415 1440 vocis
435 1380 649 1458 gravissimae,
671 1380 859 1462 particulae,
883 1379 1090 1462 pronominis,

65 1483 227 1564 adiectivi,
248 1490 451 1569 substantivi,
470 1494 561 1555 verbi
575 1492 609 1554 in
623 1493 721 1556 initiis
736 1492 976 1569 sententiarum,
995 1511 1093 1552 mem·

66 1602 200 1662 brorum
238 1620 271 1662 se
307 1602 550 1684 excipientium,
608 1627 701 1669 sensu
740 1627 818 1668 vero
857 1602 1093 1668 cohaerentium

65 1712 185 1793 (potest
202 1725 308 1775 temen
325 1736 392 1778 rox
408 1717 580 1798 repetenda
600 1721 694 1780 etiam
711 1731 785 1800 post
803 1718 926 1779 initium
945 1714 1093 1781 collocari

64 1823 228 1890 interdum
255 1831 435 1908 praemissio
464 1832 531 1894 aliis
558 1828 879 1912 verbisnonnullis).
928 1831 1033 1891 Habet
1055 1850 1092 1891 ea

64 1940 274 2018 manuum,
300 1943 460 2022 rigorem,
490 1947 643 2021 calorem,
668 1956 700 2006 et
724 1944 759 2005 in
780 1945 868 2006 omni
888 1943 996 2007 vivida
1019 1962 1092 2004 ora·

66 2052 154 2114 tione
177 2052 263 2115 ultro
285 2073 318 2116 se
341 2056 451 2133 ollert,
480 2057 545 2119 sire
568 2057 697 2119 allectus
726 2054 807 2119 adsit
829 2055 959 2138 proprie
982 2054 1093 2131 dictus,

66 2164 134 2228 sive
156 2166 219 2246 alia
244 2186 336 2230 causa
361 2169 513 2247 alacrius,
543 2169 657 2233 fortius
678 2167 803 2233 dicendi
826 2189 925 2248 genus
946 2170 1095 2249 postulat,

66 2279 166 2341 ueluti
191 2279 287 2341 Hom.
308 2276 421 2363 Odyss.
436 2283 498 2359 lll,
519 2283 582 2344 too
604 2302 674 2365 sqq.
695 2284 730 2344 iu
754 2282 952 2342 narrationes

102 2388 179 2469 ”ize
198 2384 319 2479 ἔφαθ’·
342 2398 375 2461 oi
396 2386 429 2461 δ’
452 2389 516 2482 ἄρα
540 2393 668 2471 πάντες
689 2391 893 2463 ἐποίπνυον·
918 2383 1006 2480 ἦλθε
1026 2396 1094 2476 μὲν

65 2598 68 2603 ¹
301 2500 344 2591 rip
370 2506 458 2594 βοῦς
531 2494 545 2521 ‘

109 2623 146 2687 ἐκ
172 2614 310 2698 πεδίου,
335 2609 448 2702 ἦλθον
475 2617 510 2686 dl
536 2618 624 2704 θοῆς
651 2616 743 2707 παρὰ
770 2615 852 2705 νηὸς
878 2623 966 2706 ἐΐσης

117 2721 320 2823 Τηλεμάχου
336 2739 447 2821 ἔταροι
463 2726 702 2818 μεγαλήτορος·
718 2723 807 2816 ἦλθε
822 2729 858 2798 δὲ
872 2723 1011 2819 χαλκεύς
1023 2752 1093 2815 sqq.

70 2845 127 2910 abi
144 2845 346 2907 manifestum
364 2857 410 2907 est
427 2858 594 2927 postquam
616 2843 748 2907 dictum:
771 2847 803 2910 ol
824 2833 857 2909 δ’
879 2838 943 2929 ἄρα
967 2840 1095 2916 πάντες

69 2955 280 3036 ἐποίπνυον,
310 2959 444 3040 repetito
474 2960 571 3020 verbo
601 2949 712 3043 ἦλθεν
738 2959 820 3021 hanc
846 2958 1034 3021 alacritatem
1061 2959 1092 3018 in

70 3069 214 3153 parando
245 3069 396 3133 sacrificio
428 3068 571 3151 depingi,
615 3083 727 3131 natura
756 3084 865 3153 suapte
897 3072 930 3132 vi
961 3067 1094 3135 ducente

70 3197 215 3266 poetam,
243 3195 279 3245 ut
299 3185 342 3246 ita
369 3197 511 3266 poneret.
562 3183 620 3244 Sed
645 3204 667 3243 a
692 3184 765 3244 nulio
791 3188 903 3266 saepius
929 3195 1096 3264 usurpatum

71 3301 123 3361 loo
145 3300 264 3360 scirem
290 3318 378 3381 quom
405 3318 427 3359 a
453 3298 574 3373 Tibula,
605 3296 693 3359 cuius
723 3295 770 3357 rei
794 3312 888 3355 eausa
915 3295 987 3355 satis
1014 3296 1097 3355 clara

72 3425 143 3496 poet
175 3410 233 3490 ea,
273 3430 354 3495 quae
386 3409 425 3473 de
457 3412 564 3491 vigore
598 3428 731 3491 poeseos
760 3408 959 3472 Tibullianae
993 3421 1024 3470 et
1056 3407 1095 3471 de

72 3523 354 3589 iorma'orationis
379 3525 414 3585 in
439 3523 488 3585 his
510 3522 646 3586 distichis
673 3523 873 3604 praevalente
898 3520 1097 3604 supradicta

74 3650 156 3701 sunt.
206 3634 289 3698 Nam
317 3637 455 3717 primum
483 3635 611 3719 quidem
638 3648 748 3716 regnat
772 3636 934 3719 anaphora
963 3647 993 3696 et
1021 3655 1096 3716 pro·

75 3754 176 3835 priam
199 3746 306 3814 sedem
327 3750 422 3812 habet
449 3749 483 3812 in
511 3749 577 3812 istis
600 3748 787 3824 divisionibus,
819 3768 897 3831 quas
921 3766 1017 3828 supra
1040 3768 1097 3808 ex-

76 3867 192 3951 plicui:

159 3976 217 4041 itta
237 3974 322 4037 fauet
345 3993 400 4035 seu
423 3974 493 4056 quis
515 3971 638 4036 iuvenis
662 3991 746 4034 nova
766 3971 875 4031 limina
897 3979 1013 4043 tentat,

179 4106 184 4113 ’
203 4086 267 4150 Seu
288 4097 406 4149 reserat
428 4086 492 4150 fixo
516 4085 608 4148 dente
632 4084 736 4165 puella
759 4083 861 4144 iores:

164 4202 220 4263 itta
241 4198 333 4263 docet
355 4199 465 4262 iustius
486 4199 575 4261 molli
597 4195 748 4260 decedere
769 4196 866 4267 lecto,

206 4314 261 4375 ilia
282 4309 394 4392 pedem
418 4314 507 4374 nullo
529 4330 648 4392 ponere
672 4328 763 4390 posse
785 4325 880 4379 sono,
