2468 4838
102 628 176 671 κων
508 607 567 670 DE
591 606 711 674 POESI

186 786 244 849 Illa
263 795 350 863 negat
372 793 508 861 cunctos,
529 781 577 844 illi
595 781 657 846 sint
678 782 783 846 omnin
807 802 915 846 curae:

230 900 271 962 Et
291 898 377 961 iuvet
396 897 432 959 in
451 908 516 959 tota
537 917 587 958 me
607 896 687 958 nihil
708 916 774 959 esse
796 894 902 960 domo.

103 1017 148 1078 Ac
174 1013 285 1078 'statim
317 1015 349 1074 in
381 1012 483 1093 prima
513 1011 611 1092 elegia
639 1009 711 1073 licet
739 1031 805 1073 non
837 1008 920 1073 dicat
951 1006 1036 1072 idem
1066 1031 1121 1073 ex·

101 1131 216 1209 pressis
237 1126 352 1204 verbis,
371 1137 477 1186 tamen
500 1123 595 1187 etiam
617 1124 668 1186 hic
689 1123 822 1188 rusticae
843 1125 926 1188 uitae
945 1122 1121 1188 iucundita-

101 1258 165 1307 tem
185 1258 216 1307 et
236 1244 346 1331 Deliae
367 1263 507 1305 amorem
530 1240 575 1303 sic
602 1237 642 1305 ad
671 1260 766 1301 uuam
788 1238 845 1302 otii
868 1239 1023 1303 fortunati
1044 1240 1122 1302 ima·

101 1361 204 1438 ginem
227 1368 372 1421 revocata
389 1354 495 1433 vides,
524 1367 560 1417 ut
583 1355 716 1417 alterum
739 1356 779 1416 ab
804 1355 903 1417 altero
925 1374 993 1416 nun
1015 1352 1122 1419 videa·

101 1485 155 1534 tur
183 1485 287 1535 mente
319 1471 506 1552 disiungere.
557 1470 680 1552 Nempe
712 1472 883 1553 quaerebat
911 1468 1060 1533 Tibullus
1088 1472 1122 1533 in

102 1605 208 1648 amore
222 1582 375 1668 placidam
389 1581 645 1647 consuetudinem
659 1596 770 1649 mutua
783 1582 844 1646 fide
858 1604 1012 1665 securam,
1025 1607 1122 1669 quac·

101 1702 191 1762 rebat
206 1698 384 1761 animorum
402 1698 654 1763 coniunctionem
672 1695 840 1759 iucundam
862 1718 934 1759 cum
954 1718 1016 1760 usu
1036 1711 1123 1762 nan·

102 1814 200 1898 quillo
223 1813 363 1895 puellae,
395 1831 461 1873 non
484 1811 682 1890 voluptatum
710 1807 893 1872 dissolutam
923 1811 1123 1892 varietatem

100 1926 192 2009 parvi
215 1925 332 1988 ducens
353 1923 494 2000 divitias,
522 1922 654 2002 gloriam
681 1935 845 2004 ceteraque
869 1937 1057 1987 ornamenta
1075 1925 1124 1987 ui·

100 2049 152 2102 tae
180 2052 312 2102 externa
340 2059 416 2122 prae
444 2037 561 2100 amoris
583 2018 710 2114 fructu,
740 2038 825 2099 hunc
853 2037 1125 2103 instar-omnium

102 2156 264 2218 censebat:
290 2173 395 2217 amore
411 2163 494 2230 vota,
515 2149 668 2215 desideria
683 2171 740 2213 sua
758 2150 895 2213 maxima
916 2152 1124 2217 contineban-

100 2282 161 2347 tur,
180 2270 232 2331 hic
253 2287 399 2331 curarum
419 2264 555 2349 requies,
576 2263 707 2327 felicitas
727 2280 859 2327 summa.
900 2264 942 2326 Et
959 2267 1056 2330 talem
1074 2268 1125 2333 ri·

99 2396 164 2449 tem
186 2404 276 2464 agere
297 2404 368 2446 cum
390 2381 483 2443 Delia
510 2381 665 2461 cogitabat
691 2381 726 2441 in
747 2380 830 2442 ruris
854 2399 950 2442 aurea
974 2381 1125 2464 simplici·

100 2509 181 2573 tate,
200 2498 256 2558 ubi
275 2499 352 2559 haec
374 2496 522 2558 omnibus
547 2507 720 2576 praeesset,
738 2495 806 2576 ipse
829 2496 990 2557 frueretur
1009 2516 1072 2559 uau
1092 2509 1125 2560 et
1149 2576 1154 2585 .

101 2605 249 2690 adspectu
271 2620 390 2671 amatae
405 2608 565 2671 inturbata
585 2620 615 2669 ct
630 2607 840 2690 requiesceret
856 2608 889 2670 in
904 2609 1030 2673 lacertis
1044 2613 1123 2677 eius.

99 2725 153 2787 Est
182 2737 285 2786 autem
313 2745 379 2787 non
411 2722 543 2787 dubium
572 2724 710 2805 puellum
739 2736 770 2786 et
798 2724 898 2806 ipsam
927 2745 1037 2791 carum
1064 2728 1124 2791 ha·

99 2838 205 2901 buisse
227 2851 370 2920 poetam,

184 2983 524 2999 —————
548 2944 634 3034 'quae
658 2972 707 3014 me
730 2973 800 3014 cum
821 2952 960 3017 mitteret
979 2955 1070 3031 urbe,

226 3065 352 3128 Dicitur
372 3077 444 3127 ante
466 3085 575 3128 omncs
597 3068 789 3130 consuluisse
812 3067 899 3132 deos.

186 3178 306 3243 Cuncta
333 3179 450 3243 dabant
479 3177 617 3244 reditus:
656 3194 762 3243 tamen
787 3193 834 3244 est
860 3179 1010 3245 deterrita
1037 3203 1131 3247 nun··

479 3291 482 3304 '
670 3317 775 3379 quam,

227 3403 313 3481 Quin
336 3406 424 3470 fleret
446 3419 569 3471 nostras
591 3409 823 3492 respiceretque
844 3407 921 3472 uias.

184 3632 289 3697 Flebis
314 3647 344 3697 et
367 3654 477 3699 arsuro
498 3634 636 3718 positum
658 3656 717 3715 me,
738 3636 841 3715 Delia,
858 3639 974 3714 lectu,-

227 3748 382 3812 Tristibus
406 3762 438 3811 ct
458 3751 593 3813 lacrimis
615 3754 721 3816 oscula
740 3754 841 3815 mixta
862 3751 961 3816 dabis.

98 3861 138 3923 Et
158 3860 235 3946 quid
255 3862 381 3927 suavius
402 3862 452 3926 his
472 3866 594 3927 verbis:

181 3977 264 4039 Tum
282 3978 406 4041 veniam
427 3981 532 4045 subite
554 3983 797 4065 necquicquam
819 3983 940 4044 nuntiet
961 3997 1046 4063 ante,

223 4092 287 4155 Sed
307 4095 415 4160 videar
436 4100 524 4163 co'elo
543 4100 656 4161 missus
677 4098 784 4162 adesse
804 4097 872 4161 tibi.
925 4136 939 4155 .

182 4205 271 4266 Tunc
294 4209 388 4289 mihi,
409 4212 510 4295 qualis
534 4213 614 4289 eris,
635 4213 745 4293 longos
768 4214 893 4275 turbata
913 4214 1054 4296 capillos,

225 4316 327 4385 Obvia
348 4325 484 4406 nudato,
503 4325 721 4403 Delia,.cume
741 4323 832 4408 pede.
