2468 4838
121 675 212 717 cuxtv
518 648 577 711 DE
599 646 719 715 toust

98 819 175 902 .qui
199 820 286 882 locus
313 820 459 883 notabilis
483 829 615 901 propter
639 816 879 882 concinnitatem
903 806 1136 900 uunc'quidem

121 935 224 996 minus
246 954 341 1018 quam
368 934 447 998 aolet
471 934 668 998 observatam
693 956 711 996 a
735 942 845 1016 poeta;
877 952 951 994 nam
979 930 1077 996 doceo
1103 935 1136 995 in

120 1047 353 1111 Commentario
380 1046 424 1111 sic
447 1044 605 1128 iungenda
633 1046 772 1127 singula:
801 1065 867 1109 uon
892 1047 972 1108 acies
999 1066 1066 1109 non
1091 1047 1137 1108 ira

119 1163 193 1240 fuit,
216 1180 282 1224 noa
299 1161 382 1222 bella
403 1180 462 1223 nec
483 1160 593 1223 anaia·
616 1159 701 1222 llaec
722 1160 882 1223 hactenus.
925 1152 1024 1222 Vides
1041 1178 1135 1242 quam

119 1275 252 1357 sirnplex
283 1274 323 1336 sit
353 1274 499 1336 Tibullus
529 1273 563 1334 in
595 1274 768 1336 variatione
783 1281 830 1336 'et
859 1280 924 1357 qao
952 1271 1070 1337 iudicio
1100 1294 1136 1336 ea

119 1401 236 1452 utatur.
284 1388 390 1451 Placet
409 1408 486 1451 vero
510 1386 661 1465 variatio,
690 1399 725 1450 ut
746 1385 829 1464 dixi,
859 1387 934 1471 quia
954 1384 1046 1469 rigor
1066 1408 1136 1453 ora-

119 1501 214 1563 tionis
239 1501 273 1563 in
299 1518 465 1582 progressu
497 1500 590 1561 etiam
617 1499 662 1561 sie
687 1499 782 1562 alitur
813 1500 951 1582 egregie,
979 1501 1136 1585 siquidem

120 1637 203 1678 nunc
220 1615 281 1677 hoc
298 1606 383 1676 nunc
399 1613 455 1676 illo
470 1609 574 1676 modo·
584 1623 672 1677 curat
691 1613 786 1677 scitus
801 1626 911 1697 poeta,
932 1627 970 1679 ut
987 1615 1136 1701 quodque

119 1730 295 1792 membrum
327 1726 392 1790 uim
423 1723 570 1789 idoneam
596 1724 711 1790 habeat
744 1747 803 1789 nec
830 1729 976 1808 langueat
1003 1750 1137 1814 usquam

120 1839 299 1904 continuata
318 1839 429 1900 oratio.
469 1839 505 1899 ln
524 1858 618 1921 quam
634 1859 703 1900 rem
720 1840 913 1903 nuncetiam
931 1841 993 1904 alia
1008 1844 1136 1919 notabo,

120 1953 235 2035 quibua
257 1960 389 2013 utuntur
412 1948 645 2031 adaugendam
667 1950 732 2014 vim
756 1953 954 2034 pentametri.
995 1954 1137 2017 Primum

122 2066 177 2127 ubi
195 2061 353 2147 praecedit
373 2065 407 2126 in
427 2065 610 2126 hexametro
632 2064 778 2142 causalis,
799 2064 1035 2147 conditionalia,
1056 2070 1137 2133 rela-

119 2177 183 2245 tiva
212 2177 382 2252 sententia,
422 2174 543 2239 illatum
572 2176 607 2238 in
635 2176 790 2258 epodosin
817 2199 994 2260 pronomen
1023 2189 1065 2258 is,
1096 2187 1138 2246 sile

119 2291 272 2373 egregiam
291 2291 356 2353 rim
376 2290 486 2367 habet,
505 2290 604 2353 veluti
623 2291 656 2352 in
678 2292 764 2371 graui
785 2292 1009 2375 affirmatione,
1030 2297 1136 2359 borta-

119 2408 220 2484 tione‚
251 2405 395 2486 querela,
423 2401 655 2481 exsecratione,
684 2415 720 2466 ut
740 2404 773 2482 Ι,
794 2410 825 2484 2,
849 2408 909 2468 392

204 2532 309 2617 Siquis
332 2545 361 2594 et
382 2529 565 2614 imprudens
586 2531 782 2615 adspexerit,
807 2534 926 2599 occulat
947 2534 1001 2597 ille

245 2648 368 2730 Perque
390 2640 465 2710 deos
488 2666 596 2709 omnes
619 2664 652 2708 se
672 2647 849 2712 meminisse
873 2662 975 2730 neget.

117 2779 149 2856 1,
171 2780 210 2852 4,
230 2782 290 2842 68:

204 2891 246 2952 At
267 2888 323 2973 qui
344 2908 408 2952 nou
431 2886 519 2951 audit
538 2886 662 2966 Musas,
692 2889 748 2973 qui
768 2886 878 2954 vendit
897 2911 1054 2972 amorem,

246 2997 357 3062 idaeae
379 3020 489 3063 currus
511 3000 563 3063 ille
588 3014 738 3084 aequatur
758 2998 854 3084 Opis,

119 3130 175 3192 ubi
204 3130 288 3193 conf.
314 3129 467 3214 Explicat.
494 3142 524 3191 et
552 3129 633 3192 dicta
662 3128 704 3192 ad
730 3130 778 3208 tt,
804 3138 844 3211 3,
869 3139 923 3196 26.
969 3136 1073 3221 Atque
1103 3138 1139 3199 in

118 3229 206 3307 finali
233 3244 403 3320 sententia,
438 3244 494 3306 ubi
522 3245 697 3307 subiectum
724 3245 889 3329 utriusque
910 3267 1023 3312 remus
1045 3248 1140 3326 idem,

118 3359 234 3441 passim
262 3360 296 3421 in
318 3364 518 3440 ‘pentametro
548 3355 675 3420 demum
703 3357 834 3440 ponitur
861 3379 979 3424 nomen
1003 3385 1074 3427 cum
1098 3366 1140 3428 vi.

118 3473 291 3550 1,1,17:

205 3580 410 3663 Pomosisque
432 3581 529 3642 ruber
551 3592 653 3644 custos
675 3595 813 3665 ponatur
833 3584 868 3646 in
888 3587 1006 3668 hortis,

245 3695 376 3757 Terreat
399 3705 434 3755 ut
457 3712 550 3760 saeva
574 3694 654 3758 falce
673 3698 799 3781 Pn‘npus
820 3720 909 3778 aves,

118 3838 174 3890 aut
199 3845 258 3909 pre
285 3844 324 3888 eo
348 3823 484 3888 infertur
505 3845 703 3913 pronomen,
734 3828 832 3894 veluti
853 3829 1038 3912 Propertius
1066 3831 1139 3895 lacit

118 3942 150 4018 l,
173 3946 212 4019 9,
231 3940 293 4002 24:

201 4067 315 4132 Nullus
336 4068 435 4129 Amor
457 4065 603 4150 cuiquam
625 4064 731 4129 faciles
751 4067 795 4128 ita
815 4070 965 4150 praebuit
986 4074 1067 4150 slas,

243 4179 287 4242 Ut
308 4201 373 4244 non
396 4179 516 4242 alterna
537 4178 686 4261 presserit
704 4181 749 4242 sile
768 4201 875 4245 manu.

103 4313 182 4373 'Aut
202 4308 387 4379 adiectivum
409 4309 550 4392 additur,
577 4326 614 4377 ut
632 4314 705 4379 Tib.
725 4315 772 4391 Il,
795 4321 832 4394 1,
855 4308 919 4377 5‘0:
