2468 4838
145 597 265 640 nxxxn
549 574 608 637 DE
629 569 750 639 POESI

147 758 309 811 contentae
336 757 368 809 et
396 766 543 810 arvorum
572 745 627 808 ubi
652 765 718 827 pax
743 755 869 824 regnat,
900 741 1166 826 quemadmodum

147 860 234 925 vides
257 863 332 941 eleg.
347 863 372 940 1,
392 867 407 924 1
433 875 463 925 et
483 858 589 940 1,10?
630 860 778 924 Eiusdem
798 862 919 943 generis
940 864 1113 944 praesentis
1136 876 1167 925 et

147 976 277 1060 mythici
307 977 457 1058 temporis
489 976 663 1056 oppositio,
697 987 733 1058 ut
761 997 831 1039 cum
860 977 944 1055 1,s.
972 977 1007 1039 in
1036 980 1167 1060 querela

148 1105 259 1174 poetae
289 1094 403 1154 morbo
431 1092 518 1170 gravi
546 1092 581 1152 in
608 1091 721 1154 itinere
749 1092 860 1155 bellico
892 1091 1028 1173 correpti
1053 1093 1168 1171 legitur

149 1227 261 1268 aureae
292 1207 400 1270 aetatis
432 1205 615 1288 descriptio,
647 1209 702 1270 ubi
735 1229 800 1272 non
832 1209 914 1271 bella
943 1228 1001 1271 nec
1027 1209 1168 1271 habendi

149 1317 301 1403 cupiditas
324 1341 381 1382 nec
402 1330 450 1381 tot
470 1320 538 1382 viae
562 1321 688 1398 mortis,
719 1333 772 1384 aut
794 1343 865 1385 cum
888 1323 966 1402 eleg.
982 1323 1028 1401 ΙΙ,
1050 1328 1080 1385 3.
1102 1344 1168 1386 ser·

147 1435 257 1499 vitium
285 1436 456 1518 mythicum
481 1436 635 1517 Apollinis
661 1457 721 1519 pro
746 1457 852 1501 amore
878 1436 983 1499 omnia
1007 1440 1171 1501 tolerantis

149 1548 320 1612 hodiernae
343 1549 488 1631 pravitati
514 1571 638 1613 morum
663 1551 845 1633 opponitur.
894 1549 961 1613 Nec
984 1547 1070 1634 quod
1098 1565 1171 1635 post

149 1665 250 1748 Elysii
275 1663 387 1745 gaudia
411 1664 557 1728 rivalium
578 1666 612 1727 in
633 1667 768 1729 Tartaro
791 1682 913 1749 poenae
934 1667 958 1744 l,
973 1674 1003 1729 3.
1026 1678 1081 1728 aut
1101 1667 1125 1742 1,
1141 1673 1170 1728 5.

149 1793 222 1864 post
240 1781 486 1842 exsecrationem
502 1780 593 1841 lenae
611 1773 720 1843 sedula
737 1780 841 1843 officia
859 1755 1008 1842 amatoris
1022 1778 1171 1862 pauperis

151 1894 388 1975 describuntur,
427 1908 457 1957 et
473 1917 569 1980 ¹quae
598 1908 672 1959 sunt
697 1896 809 1958 similia
839 1898 954 1979 partim
982 1915 1080 1979 supra
1106 1896 1170 1958 iam

154 2020 339 2087 memorata,
365 2009 424 2070 erit
445 2009 585 2093 quinon
604 2008 720 2074 laudet.
761 2009 842 2073 Nam
864 2008 942 2075 haec
963 2008 1070 2073 omnia
1089 2020 1171 2092 apta,

152 2122 316 2187 commoda
352 2126 474 2190 ratione
512 2123 719 2206 oppositionis
753 2127 893 2208 placent..
945 2125 1085 2204 semus,
1117 2126 1172 2203 ais,

151 2238 231 2302 nihil
257 2237 481 2320 repugnantiae
503 2257 589 2315 esse,
615 2240 672 2308 ubi
692 2240 825 2303 alterum
841 2237 1009 2320 laudatur,
1037 2232 1170 2304 alterum

153 2350 320 2417 dam-natur
341 2351 577 2433 oppositorum;
605 2348 685 2415 illud
707 2372 912 2433 quaeramus,
944 2373 1052 2417 annon
1078 2355 1170 2416 etiam

152 2463 245 2527 simul
273 2477 434 2546 ponantur
468 2487 549 2550 quae
581 2487 648 2531 non
674 2466 843 2544 uideantur
878 2488 969 2550 posse
1003 2468 1173 2533 conciliari.

154 2574 216 2639 Sed
240 2599 344 2662 neque
368 2579 429 2641 hoc
448 2587 572 2643 verum.
620 2579 774 2643 Errarunt
795 2578 880 2648 haud
903 2580 998 2644 dubie
1019 2580 1172 2666 Heynius,

153 2693 287 2756 Vossius
312 2695 443 2777 aliique,
478 2694 534 2779 qui
563 2697 762 2759 sarcasticum
790 2697 895 2759 locum
920 2697 965 2774 11,
987 2702 1022 2773 3,
1045 2698 1173 2758 35-60.

153 2807 212 2868 arbi
232 2808 360 2869 luxuria
379 2807 524 2870 Nemesis
543 2821 575 2870 et
594 2809 701 2871 rivalis
722 2808 911 2888 exagitatur,
939 2828 1083 2890 pugnare
1107 2826 1172 2870 cre·

156 2918 304 2983 diderunt
324 2940 394 2984 cum
414 2923 523 2983 ceteris
544 2920 687 3003 partibus
708 2920 852 2983 carminis
873 2919 989 2983 amoris
1010 2931 1172 3003 praestan·

154 3033 230 3098 tiam
258 3036 477 3115 tractantibus3
506 3055 581 3097 nam
609 3057 666 3101 cur
691 3032 786 3097 ardor
816 3033 930 3097 amoris
960 3047 993 3098 et
1016 3035 1174 3116 castigatio

155 3149 276 3211 ironica
304 3151 449 3210 luxuriae
481 3152 630 3231 puellaris
661 3172 767 3213 secum
797 3144 965 3232 pugnent?
1026 3148 1176 3213 Similiter

154 3262 221 3325 irae
254 3283 326 3325 cum
357 3261 525 3345 cupiditate
558 3275 587 3324 et
619 3262 774 3326 desiderio
808 3261 1001 3327 concordant
1029 3264 1111 3325 bene
1141 3262 1173 3324 in

157 3399 280 3455 amore,
304 3388 358 3439 aut
374 3376 520 3438 lacrimae
538 3398 609 3439 cum
627 3377 805 3459 voluptate,
832 3377 923 3440 fletus
943 3399 1013 3439 cum
1030 3376 1176 3459 indigna·

155 3493 262 3568 tione,
300 3490 403 3552 minae
434 3510 505 3551 cunr
538 3487 696 3571 precibus.
761 3492 871 3555 Discas
902 3492 977 3555 hinc
1008 3511 1075 3575 qtro
1104 3493 1175 3554 iure

158 3605 301 3689 Heynius
333 3617 369 3667 ut
398 3606 600 3668 invenustum
632 3604 825 3671 damnaverit
857 3619 889 3670 et
920 3609 998 3669 alius
1030 3607 1176 3669 carminis

157 3721 366 3802 fragmentum
386 3721 522 3787 voluerit
543 3741 610 3785 esse
633 3722 752 3785 exitum
773 3722 888 3802 elegiae
904 3725 929 3799 l,
945 3727 992 3800 5.,
1013 3723 1070 3785 ubi
1085 3732 1178 3803 poeta

157 3849 230 3919 post
250 3840 363 3900 multae
386 3837 528 3920 querelas
550 3848 623 3898 ante
643 3837 770 3898 ianuam
790 3847 949 3919 postremo
971 3854 1005 3897 se
1025 3854 1177 3898 revocans

159 3976 230 4017 cum
250 3954 396 4017 irrisione
423 3949 568 4031 discedit,
600 3953 706 4035 qualia
731 3974 771 4014 ne
793 3953 918 4035 puellae
944 3949 1074 4035 qaridem
1098 3949 1178 4013 adeo

159 4068 289 4127 moleste
310 4067 465 4130 ferebant.
512 4064 575 4128 Sed
597 4064 717 4129 dehoc
740 4066 827 4137 exitu
846 4067 910 4128 ianr
932 4064 1179 4148 supradictum.

160 4179 310 4240 Similiter
337 4202 407 4242 cum
434 4184 466 4258 Ι,
493 4186 547 4255 10,
572 4180 612 4241 ts
637 4198 706 4262 sqq.
733 4179 818 4260 pacis
848 4190 879 4240 et
906 4180 952 4254 ll,
977 4183 1013 4254 5,
1039 4183 1081 4240 95
1108 4196 1178 4261 sqq.

157 4294 311 4353 ruralium
332 4296 481 4355 lestorom
499 4292 647 4357 laudibus
666 4295 801 4356 infertur
819 4294 963 4356 rixarum
982 4294 1179 4371 scoticarum,
