2468 4838
158 620 250 665 cantv
563 596 622 658 ΒΕ
642 590 764 660 POESI

156 770 263 851 Quam
286 783 322 835 ut
347 769 392 834 ita
413 767 520 834 dicam·
540 766 622 831 lenis
642 778 673 832 et
700 764 822 849 placida
844 779 892 829 est
917 767 1018 830 oratio
1040 764 1178 829 hominis

158 887 358 969 desperatum
377 884 543 948 consilium
574 893 698 963 captum
724 881 880 943 narrantis
902 891 1083 961 comparata
1107 900 1176 943 cum

158 1002 280 1065 Tibulli
299 1002 412 1063 affectu
434 1012 465 1060 et
485 999 660 1079 impetuoso
682 998 853 1059 verborum
874 992 1023 1071 flumine,
1055 994 1112 1076 qui
1133 1007 1178 1057 ta·

157 1134 231 1177 meu
258 1134 326 1175 non
354 1114 423 1175 vult
448 1111 544 1173 sitam
572 1099 636 1173 leto
664 1106 773 1172 finire!
809 1109 860 1170 Dc
886 1107 986 1188 figura
1011 1109 1177 1189 pathetica,

158 1227 329 1306 anaphora,
351 1244 427 1287 mox
447 1225 539 1305 plura
560 1224 733 1304 explicabo,-
755 1242 841 1283 nunc
858 1234 992 1305 uterque
1013 1242 1053 1284 ea
1072 1222 1177 1296 utitur,

157 1338 214 1401 ssd
232 1340 377 1400 Tibullus
398 1349 559 1418 praeterea
580 1336 793 1417 apostrophen
821 1333 909 1398 addit
928 1345 959 1396 ct
980 1334 1178 1415 imprecatio·

157 1452 208 1512 nis
227 1451 301 1513 iras.
348 1447 398 1511 Ad
416 1446 616 1511 iudicandam
638 1432 741 1511 autem
773 1449 958 1512 formulam:
996 1448 1058 1531 Qui
1073 1454 1178 1531 primas

157 1602 202 1616 -
211 1566 327 1646 sonem
345 1566 389 1625 dle
402 1562 463 1643 fuit
483 1563 593 1625 confer
614 1563 676 1624 hoc
701 1562 822 1625 Tibulli
843 1561 1000 1625 distichon
1021 1562 1047 1641 1,
1069 1568 1120 1638 to,
1143 1570 1176 1625 ts

242 1676 321 1754 Quis
345 1679 421 1754 fuit,
450 1673 626 1739 horrendos
645 1675 767 1757 primus
788 1675 844 1759 qui
864 1676 998 1758 protulit
1015 1671 1131 1738 enses?

201 1822 203 1826 ·
283 1787 386 1866 Quam
409 1791 495 1852 ierus
517 1800 549 1850 et
568 1808 643 1851 vers
664 1790 787 1852 ferreus
808 1790 861 1851 ille
882 1786 960 1851 fuit!

158 1904 203 1968 Ut
231 1902 330 1965 discas
359 1900 436 1984 quid
465 1902 505 1963 sit
533 1902 713 1982 gravisshno
742 1900 858 1989 dicere.
899 1901 963 1965 Sed
983 1902 1074 1967 mitto
1095 1903 1176 1965 bunc

157 2018 279 2093 locum,
308 2016 441 2077 fortiora
464 2014 558 2075 etiam
578 2014 657 2077 haec
679 2016 709 2095 l,
733 2020 771 2092 2,
791 2020 851 2079 672

242 2127 377 2190 Ferreus
398 2128 452 2189 ille
472 2127 548 2204 fuit,
575 2127 649 2210 qui,
677 2138 708 2189 to
730 2147 801 2189 cum
820 2140 928 2209 posset
949 2128 1086 2208 babere,

284 2240 435 2301 Maluerit
454 2237 586 2319 praedas
604 2240 717 2301 stultus
739 2252 769 2303 et
793 2261 880 2302 arma
901 2241 1009 2324 sequi,

159 2354 324 2432 et11,s,1:
345 2351 434 2415 Rura
447 2371 559 2430 msam,
568 2352 727 2431 Cerintho,
738 2364 846 2416 tenent
859 2356 1015 2437 villaeque
1028 2355 1177 2436 puellam:

286 2465 421 2528 Ferreus
443 2476 505 2542 est,
532 2466 596 2527 heu
616 2467 695 2544 heu,
724 2466 866 2549 quisquis
887 2468 922 2529 in
943 2470 1023 2531 urbe
1046 2482 1159 2533 maneb

159 2579 215 2642 ubi
234 2577 321 2643 vides
339 2579 545 2661 praemissum
557 2578 667 2642 colon:
689 2579 812 2642 ferreus
829 2556 884 2659 est,
907 2580 1029 2643 ferreus
1044 2583 1098 2643 ille
1114 2584 1178 2659 luit,

158 2694 341 2757 nervosiore
363 2691 583 2762 collocatione,
607 2689 694 2775 quod
714 2691 892 2775 Lygdamus
914 2696 1102 2775 postposuit.
1143 2696 1180 2757 m

159 2810 251 2887 plane
273 2807 415 2866 ieiunum
436 2816 467 2864 et
484 2805 627 2885 ineptum
649 2817 696 2867 est
715 2803 811 2868 illud:
832 2806 910 2882 Ergo
925 2825 997 2866 cnm
1019 2809 1126 2871 fuero.
1140 2843 1180 2855 -

158 2919 330 2980 Veniamus
342 2916 379 2978 ad
397 2915 482 2978 aliud
493 2940 552 2998 par
561 2919 714 2981 locorum.
742 2917 887 2979 Tibullus
903 2915 977 2979 dicit
987 2918 1088 2996 1‚s,1.
1099 2943 1179 3005 sqq.=

244 3029 332 3092 Ibitis
354 3029 492 3109 Aegaeas
514 3031 580 3092 sine
602 3051 670 3108 me,
690 3028 841 3107 Messala,
870 3051 929 3111 per
947 3029 1072 3112 undas,

286 3139 457 3205 Ontinam
479 3164 633 3206 memores
651 3144 719 3225 ipse
741 3145 916 3226 cohorsque
937 3144 1019 3208 mei:
1099 3206 1102 3210 .

242 3257 298 3318 Me
320 3268 404 3317 tenet
425 3256 537 3335 ignotis
560 3277 686 3335 aegrum
706 3256 858 3320 Phaeacia
878 3257 988 3320 terris:

286 3368 450 3429 Abstineas
473 3367 593 3443 aridas,
618 3368 708 3430 Mors
729 3389 844 3463 precor
865 3385 947 3451 atra,
977 3392 1099 3435 manus.

243 3481 425 3558 Abstineas,
447 3481 536 3543 Mors
558 3495 639 3559 atra,
668 3504 790 3563 precor.

160 3593 341 3678 Lygdamus
361 3593 421 3670 lll,
444 3596 480 3669 5,
501 3599 516 3654 1
541 3615 610 3677 sqq.
630 3595 692 3658 ita:

243 3710 311 3770 Vos
333 3718 432 3782 tenet,
454 3706 591 3768 Etruscis
614 3721 720 3770 manat
743 3709 986 3790 quaesentibus
1012 3706 1108 3788 unda,

285 3819 380 3881 Unda
401 3820 460 3881 sub
481 3821 633 3883 aestivum
655 3842 722 3884 non
746 3819 889 3884 adeunda
909 3821 1046 3900 Canem,

243 3933 337 3996 Nunc
359 3945 462 3995 autem
484 3934 578 3996 sacris
600 3934 749 3996 Baiarum
773 3934 918 4014 proxima
938 3928 1093 4017 lymphis,

289 4045 370 4108 Cum
395 4066 427 4109 se
448 4066 610 4128 purpureo
632 4068 705 4112 sere
730 4045 857 4108 remittit
876 4047 1012 4108 humus:

243 4160 285 4221 At
306 4162 384 4222 mihi
405 4162 604 4242 Persephone
626 4164 746 4241 nigram
769 4159 933 4223 denuntiat
953 4161 1081 4223 horam:

287 4273 448 4337 Immerito
468 4273 577 4340 iuveni
596 4295 691 4357 parce
715 4295 846 4352 nocero,
875 4271 944 4335 dea.
