2468 4838
535 541 720 613 TIBULLI.
1061 572 1139 616 cxx,

110 729 181 802 post
202 720 284 781 baec
305 716 443 803 denique
465 717 559 782 etiam
579 721 716 803 penitius
735 723 960 805 perspiciamus
981 724 1135 793 Tibullia-

109 853 169 897 nos
192 833 300 895 exitus
321 832 513 911 minum,
542 846 574 895 et
597 856 654 897 cur
673 838 748 899 tales
769 840 938 902 necessarii
957 842 1075 904 fuerint
1098 845 1132 906 iu

110 948 170 1011 hac
190 946 299 1030 poesi,
324 949 433 1030 quales
452 945 597 1012 videmus
618 948 789 1029 adhibitos,
809 942 1007 1034 opponamus
1028 957 1133 1020 brevi·

111 1075 161 1126 ter
181 1064 396 1146 Propertium.
444 1065 505 1126 llic
525 1067 641 1129 multos
665 1066 768 1128 arcitus
788 1068 922 1132 habeta
942 1068 1061 1131 Tibulli
1080 1093 1133 1134 ra·

109 1180 199 1242 tione
221 1178 373 1260 diversos,
394 1181 427 1242 h.
448 1201 477 1243 e.
498 1182 555 1244 ubi
573 1202 640 1245 non
661 1183 795 1247 solvitur
815 1180 1007 1246 dissonantia
1027 1186 1133 1267 queri·

109 1295 254 1374 moniac3
282 1293 456 1358 mutatione
484 1297 656 1358 sententiae
682 1317 786 1380 nequa
807 1297 840 1359 in
864 1299 952 1360 exitu
973 1318 1053 1380 opus
1076 1300 1133 1361 lra-

111 1408 199 1486 buit,
226 1429 284 1472 nec
306 1409 376 1471 aliia
394 1409 429 1471 in
450 1408 527 1472 locis
546 1411 738 1489 carminum,
765 1410 895 1474 sibene
912 1412 1060 1490 memini,
1086 1425 1134 1476 est

110 1522 199 1589 ulus.
243 1524 309 1589 Cur
330 1521 431 1588 haec?
472 1525 629 1589 Nimirum
657 1525 822 1607 Propertio
850 1526 1017 1608 proprium
1043 1526 1132 1592 vide·

109 1644 207 1707 batur
236 1641 371 1720 amoris,
402 1641 545 1722 plurimis
567 1642 688 1706 casibus
711 1643 885 1706 obnoxium
914 1663 980 1706 esse
1002 1655 1034 1704 et
1054 1642 1130 1708 alias

109 1757 176 1820 alio
196 1776 290 1820 sensu
312 1755 450 1834 moveri,
480 1767 512 1817 et
530 1757 613 1818 hanc
631 1756 727 1820 vitam
748 1755 896 1833 amantis,
925 1759 1065 1839 plenam,
1094 1771 1131 1822 ut

109 1868 197 1946 dixi,
216 1870 392 1933 innumeris
413 1869 554 1948 casibus,
573 1873 700 1952 plenam
720 1870 954 1948 allectionibus,
977 1869 1129 1950 sensibus,

108 1981 351 2065 cogitationibus
368 1982 471 2059 vsrfis
490 1982 570 2046 varii
587 1985 718 2063 generis,
739 1981 912 2065 depingunt
925 1985 1046 2065 egregia
1062 2005 1129 2050 car·

108 2101 197 2164 mina
216 2099 304 2175 eius,
332 2118 470 2182 quorum
491 2098 700 2162 diversissima
719 2111 794 2161 sunt
812 2113 1010 2180 argumenta,
1030 2101 1130 2166 unde-

108 2237 239 2301 quaque
256 2228 351 2299 poeta
367 2235 475 2279 causas
496 2214 630 2278 canendi
648 2212 790 2278 ducente.
831 2213 925 2277 Canis
937 2215 1031 2295 igitur
1046 2236 1130 2280 nunc

110 2329 255 2410 dolores,
277 2350 363 2392 nunc
381 2329 513 2410 gaudia,
540 2327 696 2393 mixtosve
717 2347 844 2405 sensus,
863 2341 899 2391 ut
923 2340 1063 2411 tempora
1083 2331 1131 2392 le·

108 2461 195 2526 runt,
215 2468 323 2531 neque
339 2448 457 2529 ubique
474 2446 526 2508 hic
547 2444 714 2507 necessarii
733 2446 811 2507 tales
832 2444 943 2522 exitus,
963 2445 1020 2528 qui
1040 2464 1131 2529 spem

107 2561 250 2625 melioris
270 2561 416 2623 fortttnae
434 2555 606 2634 ostendant,
627 2555 681 2619 sed
700 2557 791 2619 etiam
807 2558 841 2619 in
858 2558 992 2639 suspiria
1007 2572 1039 2622 et
1052 2581 1130 2642 que·

107 2677 210 2738 relam
229 2684 353 2737 exeunt
372 2671 511 2735 carmina
532 2690 600 2733 non
627 2671 729 2732 soluta
756 2666 958 2734 dissonantia.
1004 2672 1131 2737 Nihilo·

108 2795 214 2857 minus
237 2812 306 2855 non
325 2792 406 2853 male
429 2809 487 2852 uos
507 2790 604 2851 habet
623 2808 691 2852 res:
711 2787 863 2851 sentimus
880 2808 947 2851 non
962 2787 1129 2871 desperare

107 2900 253 2991 poetard,
282 2908 341 2970 etsi
360 2907 394 2967 in
416 2906 577 2988 querelam
600 2900 722 2965 desinat
741 2903 855 2983 elegia,
885 2900 941 2964 sed
962 2902 1006 2965 sic
1025 2901 1129 2968 reddit

108 3021 264 3106 arduaque
285 3019 437 3101 temporis
459 3018 524 3079 fata
544 3028 575 3079 et
594 3035 721 3090 sensus,
748 3026 785 3078 ut
813 3035 885 3077 cum
907 3019 1029 3080 natanti
1053 3018 1128 3083 alias

106 3136 162 3199 alii
187 3136 305 3199 fluctus
331 3135 414 3197 circa
431 3114 549 3215 'pesum
577 3128 708 3209 ludunt,
736 3149 875 3212 qrrorum
893 3139 1000 3192 tamen
1021 3132 1129 3195 nudus

105 3253 235 3333 gratim
250 3247 425 3334 quidquam
438 3250 584 3311 minetur.
625 3247 726 3309 Aliter
747 3244 903 3307 Tibullus.
943 3243 1027 3306 Huic
1041 3263 1127 3305 surn-

107 3386 197 3429 mum
214 3366 338 3429 bonum
355 3364 389 3425 in
405 3382 511 3425 amore
528 3365 636 3445 requies
655 3379 793 3421 surarum
813 3356 988 3437 videbatur,
1008 3356 1048 3422 de
1065 3379 1129 3442 qua

106 3481 143 3545 in
163 3477 370 3545 antecedente
394 3478 493 3561 capite
522 3477 604 3557 dixi;
636 3497 675 3540 eo
702 3476 799 3556 igitur
826 3475 920 3537 etiam
938 3475 1043 3556 poesis
1071 3496 1127 3537 sua

107 3592 210 3659 tendit
229 3604 315 3673 tota,
336 3606 430 3676 atque
450 3590 579 3670 insignis
606 3588 749 3667 affectus,
780 3588 837 3672 qui
856 3609 916 3670 per
935 3589 992 3649 has
1015 3587 1127 3666 elegias

109 3706 305 3784 devolvitur,
335 3709 471 3790 quietem
499 3705 674 3769 necessario
701 3703 865 3767 desiderat.
910 3701 996 3763 Haec
1022 3702 1127 3762 hacte-

106 3842 179 3887 nns.
224 3821 408 3886 Generatim
433 3819 652 3903 descripsimus
679 3839 805 3884 cursum
824 3815 995 3897 legitimum
1018 3833 1127 3875 rerum

106 3936 324 4023 (stammam
356 3937 409 3999 der
441 3938 511 3999 Ides
536 3968 581 3982 ·-
609 3933 813 4009 Erdwicitdung
846 3965 891 3979 —
927 3928 1127 4005 samosateo

105 4051 246 4132 Scbluss).
266 4085 312 4100 -
342 4049 538 4131 Disputatio,
571 4066 666 4130 quam
687 4042 782 4107 modo
807 4040 927 4122 legisti,
954 4039 994 4103 ad
1021 4042 1126 4104 omnia

105 4167 247 4230 carnaim
268 4162 389 4225 Tibulli
408 4162 560 4244 pertinet3
589 4172 694 4222 tarncn
722 4153 761 4219 de
784 4142 1126 4239 παρακλαυσιθύροις,

108 4301 188 4364 quae
204 4279 372 4354 dicuntur,
396 4277 549 4341 nonnulla
571 4275 743 4357 specialiter
764 4270 893 4349 addam,
917 4292 986 4334 eum
1007 4270 1127 4333 formae
