2468 4838
111 678 167 721 xrs
523 656 580 721 DE
613 656 716 723 VITA

111 837 213 912 elegias
232 834 341 912 scripsit
364 828 499 907 litum,
524 829 674 893 Vrotisioo.
699 833 808 893 tosta
829 840 896 895 turn
917 853 985 897 eum
1007 834 1127 909 saetam,

110 972 180 1014 cum
207 947 343 1029 primum
373 955 457 1007 aetus
484 944 626 1008 militaris
654 941 694 1008 ad
723 943 875 1028 stipendia
903 961 1031 1012 vocaret
1052 949 1126 1013 ado-

108 1066 274 1125 lescentem
295 1080 314 1121 a
335 1058 405 1123 ioco
428 1060 520 1122 avito.
571 1060 645 1124 Fuit
665 1071 769 1124 antem
791 1073 874 1125 aetas
893 1064 1033 1126 militaris
1054 1063 1127 1126 inde

109 1179 149 1240 ab
178 1194 261 1238 anno
291 1171 410 1236 decimo
439 1176 588 1256 septimo,
617 1150 655 1237 nt
674 1187 810 1254 constat3
839 1196 937 1260 quare
960 1178 1031 1240 circ.
1053 1199 1126 1238 ann.
1172 1201 1176 1206 ·

110 1297 184 1354 712.
211 1287 336 1352 videtur
362 1299 489 1368 penstes
518 1286 699 1368 reliquisse,
727 1288 893 1350 Psssovius
922 1287 1048 1351 dilutam
1071 1289 1125 1350 nli·

109 1416 187 1488 quot
208 1421 306 1465 annos
327 1400 552 1481 profectionem
572 1410 677 1480 putet,
701 1411 738 1462 ut
758 1400 828 1462 circ.
851 1403 925 1463 715.
946 1400 1055 1480 viginti
1070 1424 1126 1462 ntr-

107 1535 222 1579 norum
243 1509 420 1574 adolescens
442 1532 566 1574 cumen
587 1508 755 1573 indicanun
777 1513 949 1594 scripserit,
976 1512 1031 1576 sed
1054 1536 1127 1577 cau·

105 1648 172 1690 eam
200 1624 394 1687 coniecturae
424 1618 575 1686 desidero.
627 1623 704 1686 Post
731 1621 897 1688 discessum
924 1627 1028 1709 potuit
1048 1629 1126 1691 scci-

106 1738 181 1801 dere
202 1738 277 1814 isto,
299 1756 393 1820 quem
414 1749 486 1799 snte
502 1740 690 1816 memoravi,
713 1739 865 1804 calnnitas
878 1738 1017 1823 praedio.
1060 1743 1125 1803 Ab·

105 1853 167 1917 fuit
187 1849 252 1914 diu.
293 1847 398 1912 Rediit
419 1862 501 1912 certe
531 1842 601 1914 circ.
624 1856 698 1915 722.
745 1850 828 1915 Nam
857 1853 1014 1936 equitibus
1044 1851 1125 1916 dena

104 1961 259 2046 stipendia
278 1960 419 2026 facienda
440 1973 531 2025 erent
547 1963 680 2046 Polybio
701 1974 795 2043 teste,
816 1963 903 2049 quod
926 1967 1125 2029 observatum

108 2080 176 2145 fers
196 2081 296 2143 lsbera
316 2078 478 2160 republica
490 2076 647 2143 credibile
668 2090 724 2158 est,
744 2068 846 2143 donec
865 2091 973 2163 postes
993 2081 1052 2143 sub
1066 2081 1125 2143 im·

103 2195 302 2281 potatoribus
341 2190 428 2256 varic
458 2202 655 2254 mutarentur
694 2195 778 2273 leges
813 2193 961 2255 militares
992 2193 1124 2274 priores.

104 2312 147 2375 At
174 2309 315 2375 coniecto
341 2303 495 2387 stipendis
522 2305 659 2371 declarat
686 2304 773 2370 haud
802 2307 933 2369 obscure
961 2305 995 2367 in
1027 2304 1124 2385 elegio

104 2427 206 2507 primo
225 2421 299 2483 libri
318 2420 429 2499 primi,
458 2438 539 2498 quse
561 2438 635 2479 ann.
657 2423 729 2479 723.
750 2420 881 2500 scripta,
902 2417 959 2479 nbi
980 2413 1019 2478 ad
1040 2416 1123 2478 iner-

104 2549 167 2598 tem
188 2537 283 2596 vitam
303 2550 389 2594 nunc
409 2531 542 2593 transire
563 2551 597 2594 se
618 2532 697 2595 velle
719 2542 849 2617 testatur
870 2552 901 2595 v.
922 2536 969 2606 5.,
996 2550 1072 2593 mox
1093 2551 1123 2592 v.

74 2699 80 2709 .
105 2652 157 2711 25.
178 2647 256 2709 haec
277 2642 399 2707 scribit:
426 2718 431 2725 1

98 2752 110 2767 ’
234 2758 301 2821 lam
321 2754 445 2821 modico
466 2775 595 2838 possum
617 2768 782 2818 contentus
803 2757 909 2819 vivere
929 2759 964 2818 in
986 2774 1081 2832 arvo,

278 2869 346 2932 Nec
367 2889 493 2949 semper
512 2872 623 2948 longos
645 2859 768 2930 deditus
791 2888 857 2929 esse
879 2868 957 2929 vise.

106 2986 230 3052 Etenim
256 2983 361 3047 redux
386 2982 515 3045 ebellis
545 2985 726 3045 innotuerat
745 2982 793 3043 M.
813 2982 943 3042 Valerio
970 2977 1123 3040 Messalae

105 3101 265 3175 oswino,
294 3097 345 3161 cui
371 3115 447 3159 mox
474 3095 588 3157 exiruis
620 3094 746 3175 placuit.
789 3091 936 3156 Creditum
956 3090 1083 3174 quidem
1105 3114 1124 3151 a

106 3211 293 3299 quibusdam
313 3211 450 3274 sunnine
462 3207 670 3288 'gratulatorio
692 3207 748 3283 lv,
764 3212 795 3268 t.
816 3226 850 3269 se
862 3206 937 3268 huic
952 3205 1021 3266 viro
1039 3225 1123 3265 com-

105 3328 283 3405 mendasse,
305 3346 376 3388 cum
396 3326 423 3387 is
445 3344 518 3385 ann.
543 3328 615 3386 723.
638 3323 834 3383 consulatum
853 3320 956 3394 iniret,
977 3314 1031 3379 sed
1045 3314 1122 3378 illud

106 3462 231 3508 cannen
251 3441 310 3503 etsi
329 3458 441 3501 revera
458 3439 513 3500 illo
535 3449 676 3519 tempore
694 3435 844 3516 scriptum
865 3454 885 3496 n
906 3412 1021 3495 iuvene
1044 3448 1123 3511 qno·

106 3554 194 3633 dam,
216 3552 420 3636 q11i,utalii
437 3554 545 3629 multi,
572 3564 693 3635 partem
722 3568 868 3632 agrorm
895 3547 1123 3630 proscriptione

106 3671 258 3745 amiserat,
279 3667 406 3729 Tibullo
420 3666 517 3727 tribui
531 3684 598 3725 non
612 3663 728 3726 debere
744 3665 827 3725 infra
843 3664 878 3724 in
891 3656 1123 3722 introductione

106 3783 305 3868 explicationi
323 3782 474 3863 poemotis
494 3781 664 3862 praemisse
685 3778 830 3843 disertius
851 3769 992 3839 ostendo.
1042 3764 1124 3829 Illud

105 3919 231 3977 verum,
254 3895 367 3959 exiruis
387 3894 540 3975 placuisse
559 3905 684 3975 poetam
704 3890 873 3964 Messalae,
895 3903 997 3968 aquo
1016 3885 1066 3945 bis
1085 3879 1125 3944 nd

108 4011 285 4073 societatem
305 4010 380 4071 belli
398 4010 547 4072 invitatus
568 4021 630 4087 est,
658 4019 695 4070 ut
711 4014 891 4070 versaretur
916 4003 950 4062 in
977 3999 1123 4060 comitatu

108 4126 176 4184 eins
197 4132 229 4181 et
248 4120 332 4182 done
356 4121 501 4182 militaria
527 4133 719 4197 mereretur,
751 4137 815 4200 qno
839 4128 904 4177 tam
934 4109 1125 4173 fonsiliariter

108 4252 183 4294 usus
206 4243 376 4312 estusque
400 4229 441 4294 ad
465 4230 560 4293 finem
583 4233 683 4307 vitae,
711 4244 747 4293 nt
764 4251 857 4292 snum
881 4226 961 4289 dicet
982 4236 1012 4284 et
1035 4241 1123 4300 egre-

109 4345 165 4426 giis
184 4345 371 4408 carminibus
395 4346 598 4410 celebraverit
615 4348 719 4427 ipsum
734 4357 765 4405 et
784 4345 890 4406 filium.
931 4341 970 4403 Et
987 4337 1124 4417 primum
