2468 4838
151 618 237 658 cxxx
551 598 609 661 DE
634 592 755 662 POEst

148 764 315 825 titionibus
344 761 529 846 explicanda
559 764 637 839 siut,
673 763 770 825 veluti
793 763 925 826 Vossius
953 763 987 825 iu
1014 746 1176 829 hocloco

150 878 230 936 ntale
262 877 377 939 cannia
409 879 634 958 iuterpretatur
663 878 807 955 grundio,
845 878 901 959 qui
929 888 1034 939 tamen
1066 881 1176 959 paullo

147 1001 219 1069 post
245 1012 273 1052 v.
295 992 435 1052 desertum
458 1003 489 1050 et
513 996 541 1050 r'n
562 995 640 1051 trabas
665 992 744 1051 bene
766 1003 968 1072 perspexerat
991 990 1053 1052 sibi
1074 1011 1178 1074 oppo-

148 1103 206 1162 sita
230 1123 306 1164 esse.
361 1101 422 1163 Sed
453 1115 487 1163 tu
514 1123 598 1164 uttnc
626 1101 707 1165 illud
732 1105 828 1165 sentis
850 1104 988 1184 epitheta
1008 1115 1124 1167 tesseras
1145 1116 1177 1166 et

146 1219 275 1294 grandia
303 1216 361 1278 etsi
392 1237 432 1278 ex
461 1228 575 1279 natura
602 1217 733 1293 istarum
762 1238 870 1280 rerum
899 1218 1013 1299 petita,
1046 1220 1175 1282 minime

145 1345 251 1394 tamen
270 1332 371 1395 otiosa
389 1345 420 1394 et
436 1331 595 1414 superflua
613 1354 693 1410 esse,
714 1332 769 1395 secl
788 1332 945 1395 acuendae
965 1337 1175 1416 oppositionis

148 1468 241 1510 causa
267 1445 373 1508 addita
401 1449 594 1527 praeclaram
623 1447 688 1509 vim
713 1447 842 1510 habere.
897 1447 1001 1509 Etiam
1027 1449 1063 1511 in
1095 1450 1174 1514 hoc:

230 1559 290 1622 Hic
312 1561 387 1641 quia
410 1560 499 1621 sortis
522 1557 610 1621 adest
634 1557 780 1634 audacia,
810 1559 909 1640 cepit,
939 1572 971 1622 at
990 1561 1040 1624 ilii

271 1672 440 1751 Virgineus
461 1686 585 1735 teneras
607 1683 668 1734 stat
688 1672 795 1754 pudor
815 1685 887 1734 aute
907 1694 1026 1763 genus,⁴

147 1786 218 1869 quis
240 1785 375 1848 otiosum
400 1785 482 1847 dicat
499 1785 603 1866 sortis,
631 1798 662 1848 et
682 1806 747 1849 uon
769 1787 881 1849 sentim
902 1789 1046 1851 consttlto
1068 1785 1174 1871 dupli·

147 1911 245 1960 catam
275 1897 340 1960 vim
372 1898 508 1960 nominis
540 1910 672 1979 propter
703 1895 961 1979 oppositionem?
1020 1901 1174 1965 Tenenda

145 2013 223 2072 haec
246 2010 425 2073 observatio
447 2011 601 2091 imprimis
622 2013 716 2073 etiam
736 2011 799 2090 ibi,
828 2015 884 2075 ubi
908 2011 1036 2077 nonnisi
1055 2017 1173 2078 alteru·

145 2136 230 2187 trum
261 2124 491 2189 substantivum
520 2122 673 2190 adiectivo
702 2138 849 2188 ornatum
880 2139 942 2206 est,
981 2140 1017 2191 ut
1047 2130 1081 2192 iu
1111 2132 1173 2193 hoe

145 2242 177 2319 1,
200 2243 235 2319 4,
260 2248 320 2305 11:

230 2356 290 2418 Hic
310 2357 421 2437 placet,
443 2353 579 2434 augustis
601 2353 686 2439 quod
704 2377 822 2440 equum
841 2359 1009 2441 compescit
1024 2361 1172 2426 habenis:

272 2469 332 2530 Hic
356 2467 510 2550 placidam
532 2470 625 2533 niveo
650 2482 778 2548 pectore
799 2473 889 2552 pellit
911 2494 1037 2555 aquam.

144 2579 226 2644 Sunt
251 2581 314 2645 duo
343 2583 416 2644 satis
444 2594 520 2644 nota
546 2583 696 2643 exercitia
722 2604 911 2663 puerorum,
943 2598 974 2647 et
998 2587 1173 2667 opponitur

145 2716 228 2779 equo
248 2690 387 2779 (rapido)
406 2695 539 2757 habenis
557 2695 784 2776 compescendo
800 2694 921 2776 placida
937 2712 1031 2779 aqua.
1066 2697 1172 2775 Quare

144 2810 265 2873 fallitur
293 2809 475 2870 Huschkius
503 2808 777 2889 transpositionem
805 2813 880 2869 niveo
904 2812 1055 2890 placidam
1087 2834 1172 2876 com-

144 2921 313 2995 mendans,
344 2932 375 2981 et
395 2920 529 2980 Vossius
549 2920 669 3000 facilem
697 2920 864 2999 corrigens.
912 2919 987 2982 Nou
1015 2925 1171 3006 fecissent,

145 3032 172 3093 si
206 3031 245 3092 acl
274 3051 367 3093 usum
399 3032 606 3111 oppositionis
639 3032 811 3096 accuratius
841 3031 1047 3097 attendissent
1086 3037 1172 3121 apud

144 3159 279 3226 poetam.
328 3144 492 3207 Neminem
515 3146 641 3207 latuerit
662 3147 818 3227 oppositio
838 3147 873 3208 in
894 3149 955 3212 hoc
976 3150 1008 3225 Ι,
1026 3158 1062 3224 8,
1075 3154 1136 3217 49:

230 3291 506 3306 —————
526 3278 627 3339 puero
650 3280 735 3341 quae
756 3259 855 3338 gloria
875 3259 958 3322 victo
980 3258 1051 3325 est?

270 3372 307 3430 ln
330 3381 451 3429 veteres
474 3382 539 3430 esto
564 3368 660 3445 dura,
688 3373 813 3450 puella,
836 3384 943 3450 sencs‘,

144 3484 216 3544 licet
245 3502 309 3543 vox
336 3502 424 3560 puero
453 3501 518 3543 non
540 3493 651 3542 ornata
677 3483 717 3545 sit
742 3485 897 3566 epitheto,
931 3498 962 3548 et
989 3508 1062 3550 cum
1085 3488 1119 3566 1,
1139 3496 1170 3565 2,

146 3604 199 3660 72.
220 3602 272 3658 to.
294 3595 389 3655 celeri
413 3613 495 3675 equo
524 3608 733 3675 opponuntur
759 3599 868 3661 boves.
915 3598 980 3661 Sed
1006 3623 1105 3683 pergo
1132 3602 1169 3667 ad

146 3707 241 3773 aliud.
292 3706 374 3770 Nam
403 3718 529 3788 praeter
557 3709 753 3772 substautira
781 3709 852 3774 fieri
877 3724 982 3793 potest
1013 3726 1048 3776 ut
1077 3717 1170 3778 etiam

144 3831 244 3894 verba
273 3825 416 3909 opposita
443 3825 522 3901 siut,
552 3835 583 3885 et
610 3823 660 3885 his
682 3845 746 3887 uua
772 3826 891 3889 nitatur
916 3827 965 3891 vis
989 3831 1171 3893 sententias.

145 3939 197 4003 Sic
219 3944 232 4003 l
241 3988 249 4019 ‚
270 3946 308 4017 2,
335 3943 392 4000 17:
594 3932 596 3937 ’

229 4056 287 4116 llla
309 4052 409 4126 favet,
436 4070 493 4113 seu
513 4051 585 4133 quis
606 4050 730 4114 iuvenis
750 4071 834 4113 nova
855 4049 966 4112 limina
987 4063 1107 4132 tentat,

271 4164 335 4226 Seu
355 4176 473 4226 reserat
494 4161 558 4224 fixo
581 4161 674 4224 dente
696 4164 803 4244 puella
824 4165 927 4242 fores,

146 4296 198 4339 vv.
216 4278 311 4338 omina
331 4287 420 4338 tentat
439 4287 470 4339 et
489 4288 597 4338 reserat
611 4273 694 4356 fissas
714 4276 857 4357 opposita
878 4287 952 4341 suot
970 4288 1008 4338 ut
1022 4280 1125 4340 iuvant
1140 4285 1168 4337 et
