2468 4838
535 587 719 656 TIBULLI.
1033 616 1141 661 uxxvn

107 773 159 847 gat
177 766 246 827 e'ta
272 782 312 827 se
333 762 415 847 ipso,
438 765 556 829 solator
577 761 634 849 qui
655 770 747 832 vellet
768 787 846 849 esse,
872 767 985 836 iterum
1008 773 1136 840 iterum-

107 898 170 962 que
189 878 357 961 quaesitas
376 898 491 941 moras.
532 880 635 940 Porro
654 881 692 957 Π,
710 882 739 958 4,
755 883 872 946 45-50.
892 885 1031 951 honoros
1052 911 1138 953 mor·

109 1003 181 1054 tuae
204 993 335 1074 puellas
356 992 459 1055 bonae
483 992 527 1057 sic
549 997 701 1077 explicat:
730 998 840 1060 Fietnr
863 1013 934 1063 ants
955 1022 1066 1082 rogum
1090 1017 1137 1066 at-

110 1108 289 1193 quostiam
311 1110 427 1174 mnis
448 1110 538 1174 sertis
558 1111 593 1173 in
614 1114 872 1195 tumulopositis
894 1117 1016 1182 colitur.
1063 1123 1136 1186 Alio

110 1225 181 1288 loco
209 1224 235 1302 1,
256 1232 287 1303 6,
310 1225 426 1288 77·84.
453 1223 640 1290 decorabitur
660 1246 764 1308 poena
784 1231 926 1309 puellae,
953 1252 1035 1315 quas
1057 1235 1137 1298 nulli

109 1335 175 1400 iida
192 1336 268 1414 nte„
281 1338 445 1420 bipartito.
486 1340 524 1400 In
545 1349 702 1402 senectute
723 1339 820 1403 vitam
842 1363 971 1423 egenam
991 1345 1064 1408 lana
1087 1348 1136 1411 fa·

109 1449 222 1515 cienda
241 1463 412 1529 sustentat,
443 1453 595 1515 ferentem
623 1464 728 1516 autem
754 1454 831 1516 haec
852 1458 934 1519 mala
955 1479 1021 1523 non
1040 1460 1135 1526 mise·

108 1577 240 1641 rantur,
267 1563 323 1628 sed
347 1562 501 1646 gaudente
523 1564 629 1628 animo
649 1544 758 1629 vident
786 1567 935 1648 iuvenes,
964 1581 997 1634 et
1021 1573 1133 1640 Venus

108 1680 253 1742 sublimis
274 1698 315 1742 ex
336 1679 400 1742 alto
422 1671 559 1761 Olympo
580 1691 706 1761 spectat.
749 1678 801 1743 Sic
822 1695 949 1763 praeter
967 1698 1133 1766 egestatem

107 1795 204 1858 edam
226 1807 418 1859 contemtum
438 1794 600 1877 experitur
619 1794 784 1859 hominnm
805 1808 838 1859 et
857 1797 1000 1865 deorum.
1041 1801 1134 1866 Simi-

106 1911 147 1975 lis
167 1911 355 1975 formatori
375 1911 401 1988 1,
419 1917 450 1990 2,
468 1916 583 1973 91-98.
604 1908 644 1974 de
667 1931 771 1995 poena
792 1911 868 1990 eius,
887 1912 945 1997 qni
965 1915 1000 1977 in
1019 1915 1133 1980 inven-

107 2039 174 2090 tute
202 2027 275 2088 risit
305 2037 459 2103 amantes,
490 2047 588 2089 senex
617 2041 721 2090 autem
746 2027 813 2108 ipse
833 2029 969 2091 Veneris
995 2029 1131 2094 vinculis

107 2142 188 2202 colla
208 2137 326 2202 subdit.
368 2140 469 2201 Porro
490 2141 515 2217 Ι,
538 2146 568 2219 9,
590 2144 704 2202 53-72.
725 2138 765 2202 de
784 2160 890 2222 poena
907 2141 1054 2222 hominis,
1075 2147 1132 2227 qni

107 2263 295 2336 corruperat
315 2271 450 2333 puerum
458 2293 468 2329 ,
500 2252 544 2314 sic
566 2251 628 2331 agit
656 2263 692 2313 ut
718 2252 856 2332 primum
883 2276 915 2317 v.
936 2257 1050 2318 53-64.
1071 2257 1131 2319 im·

105 2378 256 2450 precetur
280 2364 310 2427 ci
334 2364 497 2447 perfidiam
524 2366 636 2428 uxoris
663 2365 891 2453 turpissimam,
923 2364 1036 2430 deinde
1060 2390 1079 2431 a
1100 2392 1131 2432 v.

106 2482 222 2544 64-72.
243 2477 389 2543 ostendat
411 2477 474 2541 iam
494 2477 603 2542 adessa
625 2475 703 2541 adeo
724 2477 906 2543 huiusmodi
927 2479 1014 2563 quid.
1065 2482 1130 2545 Ve-

106 2597 159 2660 nio
191 2592 234 2657 ad
262 2594 334 2657 alia.
384 2590 488 2655 Garm.
513 2593 553 2670 ΙΙ,
576 2597 605 2672 6,
636 2593 750 2655 31-40.
778 2595 938 2674 praeclara
964 2599 1129 2661 obtestatio

104 2711 250 2776 Nemesis
270 2731 331 2793 per
349 2728 457 2772 manes
478 2708 596 2772 sororis
616 2708 659 2770 sic
678 2719 836 2787 tractatur,
856 2721 892 2772 nt
904 2709 1043 2792 primum
1060 2733 1129 2774 mo·

104 2838 176 2890 seat
199 2824 430 2907 supplicatione
451 2820 606 2903 descripta
625 2821 781 2898 manium,
802 2842 898 2905 qnam
920 2825 1059 2887 facturus
1080 2826 1129 2905 sit,

105 2953 169 3003 tum
200 2941 252 3004 ira
281 2950 314 3000 et
338 2936 513 2999 terroribus
539 2933 701 2997 nocturnis
721 2946 865 2997 mortuae
893 2938 1073 3000 monstratis
1093 2939 1126 3000 in

105 3077 216 3120 somno
239 3053 448 3137 appariturae.
490 3049 541 3111 De
564 3048 757 3129 simplicitate
777 3048 881 3128 prisca
901 3050 935 3111 in
958 3050 1045 3112 cultu
1065 3050 1129 3113 La·

105 3173 186 3235 rium
207 3172 234 3249 Ι,
259 3176 312 3247 10,
336 3168 452 3230 17·24.
473 3164 516 3228 sic
538 3162 655 3245 agitur,
676 3174 712 3224 ut
733 3164 772 3223 ab
793 3162 904 3225 habitu
926 3185 1064 3246 paupere
1088 3167 1129 3229 ad

105 3308 191 3352 sacra
202 3283 358 3366 simplicia
372 3293 481 3365 pergat
495 3279 672 3362 descriptio.
702 3278 805 3340 Porro
818 3278 844 3357 1,
858 3281 887 3353 1,
899 3279 992 3339 7-24.
1011 3283 1129 3341 29-36.

104 3405 239 3466 rusticae
268 3401 352 3464 vitae
380 3395 606 3460 iucunditatem
632 3396 792 3458 illustrans
812 3393 949 3476 primum
971 3393 1009 3457 de
1031 3415 1128 3476 nego·

105 3517 151 3579 tiis
172 3516 318 3590 rusticis,
342 3509 455 3574 deinde
477 3508 516 3571 de
539 3509 624 3571 cultu
644 3505 777 3571 deorum
798 3506 883 3571 dicit.
925 3506 988 3573 Sed
1009 3510 1128 3590 magni-

105 3630 247 3695 ficentior
266 3630 356 3692 iocus
373 3638 418 3689 est
432 3626 472 3703 Π,
489 3630 519 3704 5,
540 3624 678 3687 83-104.
699 3622 755 3685 ubi
775 3621 906 3686 felicitas
926 3623 1033 3685 futura
1053 3622 1129 3684 anni

107 3764 143 3807 ex
164 3743 274 3807 omine
297 3743 402 3805 fausto
424 3761 585 3804 sacrorum
614 3737 810 3802 describitur.
851 3736 954 3799 Etiam
974 3738 1052 3799 haec
1073 3734 1128 3797 de·

107 3857 231 3940 scriptio
254 3855 404 3938 bipartita
424 3875 484 3937 per
504 3853 728 3935 gradationem.
771 3850 876 3914 Prima
896 3869 970 3933 pars
992 3849 1035 3910 sic
1052 3869 1128 3931 pro.

106 3970 200 4035 cedit:
223 3970 297 4033 Erit
320 3970 446 4050 frugum
466 3971 611 4045 ubertas,
631 3969 734 4029 fetura
754 3965 894 4047 pecoris,
913 3977 1128 4030 matronarum

105 4084 299 4161 inmnditas,
328 4065 364 4146 ac
391 4081 526 4144 familiae
553 4083 714 4144 fortunam
736 4076 934 4142 domesticam
955 4077 1129 4168 disertiori-

104 4199 159 4262 bus
178 4197 292 4281 vsrbis
311 4208 433 4274 tractat,
455 4197 592 4260 suaviter
614 4197 674 4258 hac
695 4194 817 4255 minore
837 4192 960 4274 pictura
981 4194 1127 4258 claudens

103 4324 208 4390 totum,
229 4310 325 4396 quod
341 4324 372 4372 et
392 4313 493 4393 ipsum
512 4310 598 4375 vides
620 4308 789 4373 sectandum
806 4309 1015 4389 gradationem
1033 4289 1125 4377 ador-
