<?xml version="1.0" encoding="UTF-8"?>
<!DOCTYPE html PUBLIC "-//W3C//DTD XHTML 1.0 Transitional//EN"
    "http://www.w3.org/TR/xhtml1/DTD/xhtml1-transitional.dtd">
<html xmlns="http://www.w3.org/1999/xhtml" xml:lang="en" lang="en">
 <head>
  <title>
</title>
<meta http-equiv="Content-Type" content="text/html;charset=utf-8" />
  <meta name='ocr-system' content='tesseract 3.04.00' />
  <meta name='ocr-capabilities' content='ocr_page ocr_carea ocr_par ocr_line ocrx_word'/>
</head>
<body>
  <div class='ocr_page' id='page_1' title='image "albiitibullicar00dissgoog_0028.png"; bbox 0 0 2468 4838; ppageno 0'>
   <div class='ocr_carea' id='block_1_1' title="bbox 397 573 1132 647">
    <p class='ocr_par' dir='ltr' id='par_1_1' title="bbox 397 573 1132 647">
     <span class='ocr_line' id='line_1_1' title="bbox 397 573 1132 647; baseline 0.004 -9"><span class='ocrx_word' id='word_1_1' title='bbox 397 585 417 629; x_wconf 60' lang='grc' dir='ltr'>ἱ</span> <span class='ocrx_word' id='word_1_2' title='bbox 530 573 713 647; x_wconf 70' lang='lat' dir='ltr'>TlBULLl,</span> <span class='ocrx_word' id='word_1_3' title='bbox 1052 602 1132 642; x_wconf 81' lang='lat' dir='ltr'>xxru</span> 
     </span>
    </p>
   </div>
   <div class='ocr_carea' id='block_1_2' title="bbox 104 745 1130 3938">
    <p class='ocr_par' dir='ltr' id='par_1_2' title="bbox 104 745 1130 3938">
     <span class='ocr_line' id='line_1_2' title="bbox 105 745 1130 832; baseline 0 -18"><span class='ocrx_word' id='word_1_4' title='bbox 105 754 176 826; x_wconf 88' lang='lat' dir='ltr'>tim,</span> <span class='ocrx_word' id='word_1_5' title='bbox 203 748 272 814; x_wconf 82' lang='lat' dir='ltr'>sive</span> <span class='ocrx_word' id='word_1_6' title='bbox 296 750 360 814; x_wconf 83' lang='lat' dir='ltr'>alio</span> <span class='ocrx_word' id='word_1_7' title='bbox 382 748 422 813; x_wconf 83' lang='lat' dir='ltr'>sit</span> <span class='ocrx_word' id='word_1_8' title='bbox 442 760 582 832; x_wconf 77' lang='lat' dir='ltr'>{empore</span> <span class='ocrx_word' id='word_1_9' title='bbox 611 749 742 824; x_wconf 83' lang='lat' dir='ltr'>lactum,</span> <span class='ocrx_word' id='word_1_10' title='bbox 774 745 849 813; x_wconf 87' lang='lat' dir='ltr'>editi</span> <span class='ocrx_word' id='word_1_11' title='bbox 877 761 950 812; x_wconf 82' lang='lat' dir='ltr'>sunt</span> <span class='ocrx_word' id='word_1_12' title='bbox 977 751 1130 814; x_wconf 81' lang='lat' dir='ltr'>Amorum</span> 
     </span>
     <span class='ocr_line' id='line_1_3' title="bbox 104 860 1130 948; baseline 0.001 -21"><span class='ocrx_word' id='word_1_13' title='bbox 104 866 177 927; x_wconf 81' lang='lat' dir='ltr'>libri</span> <span class='ocrx_word' id='word_1_14' title='bbox 206 863 352 948; x_wconf 85' lang='lat' dir='ltr'>quinque</span> <span class='ocrx_word' id='word_1_15' title='bbox 378 860 551 926; x_wconf 79' lang='lat' dir='ltr'>secundum</span> <span class='ocrx_word' id='word_1_16' title='bbox 578 863 761 927; x_wconf 84' lang='lat' dir='ltr'>Messonum</span> <span class='ocrx_word' id='word_1_17' title='bbox 788 862 861 925; x_wconf 73' lang='lat' dir='ltr'>cire.</span> <span class='ocrx_word' id='word_1_18' title='bbox 884 869 957 925; x_wconf 77' lang='lat'><strong>739.</strong></span> <span class='ocrx_word' id='word_1_19' title='bbox 979 875 1011 926; x_wconf 90' lang='lat' dir='ltr'>et</span> <span class='ocrx_word' id='word_1_20' title='bbox 1031 865 1130 928; x_wconf 88' lang='lat' dir='ltr'>serius</span> 
     </span>
     <span class='ocr_line' id='line_1_4' title="bbox 105 977 1129 1071; baseline 0 -26"><span class='ocrx_word' id='word_1_21' title='bbox 105 983 198 1045; x_wconf 87' lang='lat' dir='ltr'>etiam</span> <span class='ocrx_word' id='word_1_22' title='bbox 225 980 283 1064; x_wconf 82' lang='lat' dir='ltr'>qui</span> <span class='ocrx_word' id='word_1_23' title='bbox 311 977 408 1046; x_wconf 83' lang='lat' dir='ltr'>hodie</span> <span class='ocrx_word' id='word_1_24' title='bbox 433 979 592 1042; x_wconf 85' lang='lat' dir='ltr'>habentur</span> <span class='ocrx_word' id='word_1_25' title='bbox 616 991 696 1057; x_wconf 89' lang='lat' dir='ltr'>tres,</span> <span class='ocrx_word' id='word_1_26' title='bbox 724 983 756 1044; x_wconf 90' lang='lat' dir='ltr'>h.</span> <span class='ocrx_word' id='word_1_27' title='bbox 778 1002 804 1044; x_wconf 90' lang='lat' dir='ltr'>e.</span> <span class='ocrx_word' id='word_1_28' title='bbox 834 979 889 1054; x_wconf 84' lang='lat' dir='ltr'>diu</span> <span class='ocrx_word' id='word_1_29' title='bbox 912 993 985 1071; x_wconf 84' lang='lat' dir='ltr'>post</span> <span class='ocrx_word' id='word_1_30' title='bbox 1010 982 1129 1045; x_wconf 88' lang='lat' dir='ltr'>Tibulli</span> 
     </span>
     <span class='ocr_line' id='line_1_5' title="bbox 107 1091 1128 1180; baseline 0.005 -25"><span class='ocrx_word' id='word_1_31' title='bbox 107 1105 258 1172; x_wconf 87' lang='lat' dir='ltr'>mortem,</span> <span class='ocrx_word' id='word_1_32' title='bbox 293 1105 326 1156; x_wconf 87' lang='lat' dir='ltr'>et</span> <span class='ocrx_word' id='word_1_33' title='bbox 353 1091 441 1156; x_wconf 77' lang='lat' dir='ltr'>rides</span> <span class='ocrx_word' id='word_1_34' title='bbox 469 1113 536 1156; x_wconf 90' lang='lat' dir='ltr'>non</span> <span class='ocrx_word' id='word_1_35' title='bbox 563 1093 700 1175; x_wconf 82' lang='lat' dir='ltr'>potuisse</span> <span class='ocrx_word' id='word_1_36' title='bbox 728 1091 822 1157; x_wconf 88' lang='lat' dir='ltr'>edere</span> <span class='ocrx_word' id='word_1_37' title='bbox 845 1092 1009 1175; x_wconf 80' lang='lat' dir='ltr'>Ovidium,</span> <span class='ocrx_word' id='word_1_38' title='bbox 1041 1095 1128 1180; x_wconf 89' lang='lat' dir='ltr'>quod</span> 
     </span>
     <span class='ocr_line' id='line_1_6' title="bbox 106 1208 1128 1295; baseline 0 -22"><span class='ocrx_word' id='word_1_39' title='bbox 106 1221 294 1292; x_wconf 80' lang='lat' dir='ltr'>repugnaret</span> <span class='ocrx_word' id='word_1_40' title='bbox 316 1208 436 1272; x_wconf 87' lang='lat' dir='ltr'>Tibulli</span> <span class='ocrx_word' id='word_1_41' title='bbox 456 1209 647 1273; x_wconf 76' lang='lat' dir='ltr'><strong>carminibus</strong></span> <span class='ocrx_word' id='word_1_42' title='bbox 671 1209 777 1290; x_wconf 87' lang='lat' dir='ltr'>editis,</span> <span class='ocrx_word' id='word_1_43' title='bbox 808 1230 981 1295; x_wconf 88' lang='lat' dir='ltr'>quaecum</span> <span class='ocrx_word' id='word_1_44' title='bbox 1002 1213 1128 1276; x_wconf 90' lang='lat' dir='ltr'>nonnisi</span> 
     </span>
     <span class='ocr_line' id='line_1_7' title="bbox 110 1321 1129 1406; baseline 0.003 -21"><span class='ocrx_word' id='word_1_45' title='bbox 110 1321 183 1386; x_wconf 89' lang='lat' dir='ltr'>duas</span> <span class='ocrx_word' id='word_1_46' title='bbox 210 1321 343 1387; x_wconf 85' lang='lat' dir='ltr'>laudent</span> <span class='ocrx_word' id='word_1_47' title='bbox 369 1323 489 1406; x_wconf 88' lang='lat' dir='ltr'>puellas</span> <span class='ocrx_word' id='word_1_48' title='bbox 521 1335 551 1385; x_wconf 88' lang='lat' dir='ltr'>et</span> <span class='ocrx_word' id='word_1_49' title='bbox 577 1324 746 1389; x_wconf 80' lang='lat' dir='ltr'>memoriae</span> <span class='ocrx_word' id='word_1_50' title='bbox 778 1322 982 1404; x_wconf 77' lang='lat' dir='ltr'>tradiderint,</span> <span class='ocrx_word' id='word_1_51' title='bbox 1015 1323 1053 1387; x_wconf 91' lang='lat' dir='ltr'>de</span> <span class='ocrx_word' id='word_1_52' title='bbox 1080 1325 1129 1388; x_wconf 82' lang='lat' dir='ltr'>bia</span> 
     </span>
     <span class='ocr_line' id='line_1_8' title="bbox 109 1435 1129 1522; baseline 0.003 -22"><span class='ocrx_word' id='word_1_53' title='bbox 109 1439 179 1502; x_wconf 86' lang='lat' dir='ltr'>solis</span> <span class='ocrx_word' id='word_1_54' title='bbox 201 1435 264 1500; x_wconf 88' lang='lat' dir='ltr'>dici</span> <span class='ocrx_word' id='word_1_55' title='bbox 286 1435 397 1500; x_wconf 81' lang='lat' dir='ltr'>debuit</span> <span class='ocrx_word' id='word_1_56' title='bbox 421 1440 461 1499; x_wconf 90' lang='lat' dir='ltr'>ab</span> <span class='ocrx_word' id='word_1_57' title='bbox 483 1458 537 1515; x_wconf 86' lang='lat' dir='ltr'>eo,</span> <span class='ocrx_word' id='word_1_58' title='bbox 565 1438 686 1501; x_wconf 86' lang='lat' dir='ltr'>etiamsi</span> <span class='ocrx_word' id='word_1_59' title='bbox 707 1438 802 1502; x_wconf 85' lang='lat' dir='ltr'>sciret</span> <span class='ocrx_word' id='word_1_60' title='bbox 821 1453 960 1522; x_wconf 85' lang='lat' dir='ltr'>poetam,</span> <span class='ocrx_word' id='word_1_61' title='bbox 990 1460 1061 1503; x_wconf 90' lang='lat' dir='ltr'>cum</span> <span class='ocrx_word' id='word_1_62' title='bbox 1081 1440 1129 1503; x_wconf 84' lang='lat' dir='ltr'>vi·</span> 
     </span>
     <span class='ocr_line' id='line_1_9' title="bbox 109 1553 1127 1636; baseline 0.002 -20"><span class='ocrx_word' id='word_1_63' title='bbox 109 1566 208 1632; x_wconf 76' lang='lat' dir='ltr'>reret,</span> <span class='ocrx_word' id='word_1_64' title='bbox 238 1553 315 1616; x_wconf 87' lang='lat' dir='ltr'>alias</span> <span class='ocrx_word' id='word_1_65' title='bbox 336 1566 501 1636; x_wconf 87' lang='lat' dir='ltr'>praeterea</span> <span class='ocrx_word' id='word_1_66' title='bbox 521 1575 649 1619; x_wconf 83' lang='lat' dir='ltr'>amasse.</span> <span class='ocrx_word' id='word_1_67' title='bbox 696 1553 784 1632; x_wconf 86' lang='lat' dir='ltr'>Quae</span> <span class='ocrx_word' id='word_1_68' title='bbox 809 1555 1045 1633; x_wconf 71' lang='lat' dir='ltr'>rumimunt,</span> <span class='ocrx_word' id='word_1_69' title='bbox 1071 1575 1127 1635; x_wconf 79' lang='lat' dir='ltr'>ego</span> 
     </span>
     <span class='ocr_line' id='line_1_10' title="bbox 109 1667 1128 1753; baseline 0 -22"><span class='ocrx_word' id='word_1_70' title='bbox 109 1683 142 1732; x_wconf 93' lang='lat' dir='ltr'>ut</span> <span class='ocrx_word' id='word_1_71' title='bbox 160 1667 380 1751; x_wconf 73' lang='lat' dir='ltr'>ayrmannus,</span> <span class='ocrx_word' id='word_1_72' title='bbox 400 1672 560 1753; x_wconf 88' lang='lat' dir='ltr'>Heynius,</span> <span class='ocrx_word' id='word_1_73' title='bbox 579 1672 857 1751; x_wconf 86' lang='lat' dir='ltr'>blitsoherliohius,</span> <span class='ocrx_word' id='word_1_74' title='bbox 878 1672 1027 1749; x_wconf 85' lang='lat' dir='ltr'>Vossius,</span> <span class='ocrx_word' id='word_1_75' title='bbox 1049 1669 1128 1753; x_wconf 87' lang='lat' dir='ltr'>Gly-</span> 
     </span>
     <span class='ocr_line' id='line_1_11' title="bbox 110 1782 1127 1869; baseline 0.004 -25"><span class='ocrx_word' id='word_1_76' title='bbox 110 1803 209 1847; x_wconf 84' lang='lat' dir='ltr'>seram</span> <span class='ocrx_word' id='word_1_77' title='bbox 229 1784 322 1847; x_wconf 86' lang='lat' dir='ltr'>aliam</span> <span class='ocrx_word' id='word_1_78' title='bbox 338 1796 371 1849; x_wconf 93' lang='lat' dir='ltr'>et</span> <span class='ocrx_word' id='word_1_79' title='bbox 390 1782 544 1848; x_wconf 86' lang='lat' dir='ltr'>diversam</span> <span class='ocrx_word' id='word_1_80' title='bbox 564 1788 666 1849; x_wconf 89' lang='lat' dir='ltr'>babeo</span> <span class='ocrx_word' id='word_1_81' title='bbox 687 1786 813 1849; x_wconf 86' lang='lat' dir='ltr'>aDelia</span> <span class='ocrx_word' id='word_1_82' title='bbox 827 1799 859 1849; x_wconf 89' lang='lat' dir='ltr'>et</span> <span class='ocrx_word' id='word_1_83' title='bbox 871 1785 1008 1861; x_wconf 63' lang='lat' dir='ltr'>Nemeaei,</span> <span class='ocrx_word' id='word_1_84' title='bbox 1033 1807 1127 1869; x_wconf 88' lang='lat' dir='ltr'>quam</span> 
     </span>
     <span class='ocr_line' id='line_1_12' title="bbox 110 1900 1127 1984; baseline 0.002 -25"><span class='ocrx_word' id='word_1_85' title='bbox 110 1910 207 1963; x_wconf 88' lang='lat' dir='ltr'>tamen</span> <span class='ocrx_word' id='word_1_86' title='bbox 228 1900 379 1963; x_wconf 85' lang='lat' dir='ltr'>amaverit</span> <span class='ocrx_word' id='word_1_87' title='bbox 400 1901 545 1965; x_wconf 80' lang='lat' dir='ltr'>Tibullus</span> <span class='ocrx_word' id='word_1_88' title='bbox 572 1924 637 1967; x_wconf 90' lang='lat' dir='ltr'>non</span> <span class='ocrx_word' id='word_1_89' title='bbox 666 1916 738 1984; x_wconf 87' lang='lat' dir='ltr'>post</span> <span class='ocrx_word' id='word_1_90' title='bbox 765 1902 925 1966; x_wconf 76' lang='lat' dir='ltr'>Nemesim</span> <span class='ocrx_word' id='word_1_91' title='bbox 947 1915 979 1965; x_wconf 90' lang='lat' dir='ltr'>et</span> <span class='ocrx_word' id='word_1_92' title='bbox 1004 1901 1037 1964; x_wconf 89' lang='lat' dir='ltr'>in</span> <span class='ocrx_word' id='word_1_93' title='bbox 1065 1902 1127 1964; x_wconf 86' lang='lat' dir='ltr'>fine</span> 
     </span>
     <span class='ocr_line' id='line_1_13' title="bbox 109 2013 1127 2097; baseline 0.001 -22"><span class='ocrx_word' id='word_1_94' title='bbox 109 2013 202 2090; x_wconf 80' lang='lat' dir='ltr'>vitae,</span> <span class='ocrx_word' id='word_1_95' title='bbox 233 2027 268 2075; x_wconf 92' lang='lat' dir='ltr'>ut</span> <span class='ocrx_word' id='word_1_96' title='bbox 293 2035 461 2096; x_wconf 86' lang='lat' dir='ltr'>perperam</span> <span class='ocrx_word' id='word_1_97' title='bbox 489 2017 607 2092; x_wconf 81' lang='lat' dir='ltr'>visum,</span> <span class='ocrx_word' id='word_1_98' title='bbox 641 2014 696 2078; x_wconf 85' lang='lat' dir='ltr'>sed</span> <span class='ocrx_word' id='word_1_99' title='bbox 717 2029 788 2097; x_wconf 88' lang='lat' dir='ltr'>post</span> <span class='ocrx_word' id='word_1_100' title='bbox 811 2017 936 2078; x_wconf 86' lang='lat' dir='ltr'>Deliam</span> <span class='ocrx_word' id='word_1_101' title='bbox 961 2014 1034 2078; x_wconf 81' lang='lat' dir='ltr'>circ.</span> <span class='ocrx_word' id='word_1_102' title='bbox 1054 2034 1127 2076; x_wconf 87' lang='lat' dir='ltr'>ann.</span> 
     </span>
     <span class='ocr_line' id='line_1_14' title="bbox 112 2129 1127 2208; baseline -0.002 -17"><span class='ocrx_word' id='word_1_103' title='bbox 112 2135 178 2191; x_wconf 80' lang='lat'><strong>729.</strong></span> <span class='ocrx_word' id='word_1_104' title='bbox 199 2142 231 2191; x_wconf 92' lang='lat' dir='ltr'>et</span> <span class='ocrx_word' id='word_1_105' title='bbox 252 2135 327 2193; x_wconf 82' lang='grc'><strong>730.</strong></span> <span class='ocrx_word' id='word_1_106' title='bbox 370 2132 465 2194; x_wconf 86' lang='lat' dir='ltr'>Poeta</span> <span class='ocrx_word' id='word_1_107' title='bbox 487 2130 580 2194; x_wconf 90' lang='lat' dir='ltr'>etiam</span> <span class='ocrx_word' id='word_1_108' title='bbox 602 2145 726 2195; x_wconf 88' lang='lat' dir='ltr'>tumea</span> <span class='ocrx_word' id='word_1_109' title='bbox 748 2143 845 2195; x_wconf 87' lang='lat' dir='ltr'>aetate</span> <span class='ocrx_word' id='word_1_110' title='bbox 866 2142 949 2208; x_wconf 85' lang='lat' dir='ltr'>erat,</span> <span class='ocrx_word' id='word_1_111' title='bbox 971 2142 1004 2192; x_wconf 92' lang='lat' dir='ltr'>ut</span> <span class='ocrx_word' id='word_1_112' title='bbox 1020 2129 1127 2191; x_wconf 91' lang='lat' dir='ltr'>iunior</span> 
     </span>
     <span class='ocr_line' id='line_1_15' title="bbox 112 2245 1126 2332; baseline 0 -26"><span class='ocrx_word' id='word_1_113' title='bbox 112 2247 137 2307; x_wconf 87' lang='lat' dir='ltr'>ei</span> <span class='ocrx_word' id='word_1_114' title='bbox 150 2247 304 2328; x_wconf 73' lang='lat' dir='ltr'>praeferri</span> <span class='ocrx_word' id='word_1_115' title='bbox 323 2260 439 2330; x_wconf 86' lang='lat' dir='ltr'>posset,</span> <span class='ocrx_word' id='word_1_116' title='bbox 460 2248 726 2332; x_wconf 80' lang='lat' dir='ltr'>quemadmodum</span> <span class='ocrx_word' id='word_1_117' title='bbox 742 2249 892 2312; x_wconf 85' lang='lat' dir='ltr'>Horatius</span> <span class='ocrx_word' id='word_1_118' title='bbox 908 2245 1034 2309; x_wconf 84' lang='lat' dir='ltr'>indicat.</span> <span class='ocrx_word' id='word_1_119' title='bbox 1076 2245 1126 2306; x_wconf 87' lang='lat' dir='ltr'>De</span> 
     </span>
     <span class='ocr_line' id='line_1_16' title="bbox 111 2363 1126 2447; baseline -0.004 -25"><span class='ocrx_word' id='word_1_120' title='bbox 111 2364 315 2444; x_wconf 86' lang='lat' dir='ltr'>temporibus,</span> <span class='ocrx_word' id='word_1_121' title='bbox 348 2363 464 2447; x_wconf 83' lang='lat' dir='ltr'>quibua</span> <span class='ocrx_word' id='word_1_122' title='bbox 486 2363 635 2425; x_wconf 88' lang='lat' dir='ltr'>Horatius</span> <span class='ocrx_word' id='word_1_123' title='bbox 664 2364 762 2426; x_wconf 90' lang='lat' dir='ltr'>libros</span> <span class='ocrx_word' id='word_1_124' title='bbox 788 2373 968 2444; x_wconf 89' lang='lat' dir='ltr'>poematum</span> <span class='ocrx_word' id='word_1_125' title='bbox 996 2377 1126 2421; x_wconf 89' lang='lat' dir='ltr'>suorum</span> 
     </span>
     <span class='ocr_line' id='line_1_17' title="bbox 111 2473 1128 2559; baseline -0.004 -21"><span class='ocrx_word' id='word_1_126' title='bbox 111 2477 270 2557; x_wconf 81' lang='lat' dir='ltr'>scripserit,</span> <span class='ocrx_word' id='word_1_127' title='bbox 289 2497 394 2559; x_wconf 90' lang='lat' dir='ltr'>nuper</span> <span class='ocrx_word' id='word_1_128' title='bbox 414 2489 523 2540; x_wconf 86' lang='lat' dir='ltr'>contra</span> <span class='ocrx_word' id='word_1_129' title='bbox 543 2478 722 2541; x_wconf 85' lang='lat' dir='ltr'>Bentleium</span> <span class='ocrx_word' id='word_1_130' title='bbox 746 2476 818 2540; x_wconf 87' lang='lat' dir='ltr'>data</span> <span class='ocrx_word' id='word_1_131' title='bbox 840 2496 937 2558; x_wconf 87' lang='lat' dir='ltr'>opera</span> <span class='ocrx_word' id='word_1_132' title='bbox 958 2473 1128 2555; x_wconf 84' lang='lat' dir='ltr'>disputavit</span> 
     </span>
     <span class='ocr_line' id='line_1_18' title="bbox 113 2589 1128 2674; baseline -0.001 -23"><span class='ocrx_word' id='word_1_133' title='bbox 113 2591 155 2651; x_wconf 80' lang='lat' dir='ltr'>rit</span> <span class='ocrx_word' id='word_1_134' title='bbox 185 2589 380 2662; x_wconf 85' lang='lat' dir='ltr'>doctissimus</span> <span class='ocrx_word' id='word_1_135' title='bbox 413 2591 609 2654; x_wconf 86' lang='lat' dir='ltr'>Kirchnerus</span> <span class='ocrx_word' id='word_1_136' title='bbox 644 2592 678 2651; x_wconf 91' lang='lat' dir='ltr'>in</span> <span class='ocrx_word' id='word_1_137' title='bbox 712 2592 924 2674; x_wconf 76' lang='lat' dir='ltr'>Quaestiouibus</span> <span class='ocrx_word' id='word_1_138' title='bbox 958 2591 1128 2651; x_wconf 78' lang='lat' dir='ltr'>Horablsm’s</span> 
     </span>
     <span class='ocr_line' id='line_1_19' title="bbox 113 2700 1126 2784; baseline -0.001 -22"><span class='ocrx_word' id='word_1_139' title='bbox 113 2700 277 2784; x_wconf 82' lang='lat' dir='ltr'>Numburg.</span> <span class='ocrx_word' id='word_1_140' title='bbox 299 2724 373 2767; x_wconf 83' lang='lat' dir='ltr'>ann.</span> <span class='ocrx_word' id='word_1_141' title='bbox 396 2705 506 2781; x_wconf 68' lang='lat'>1834„</span> <span class='ocrx_word' id='word_1_142' title='bbox 531 2703 615 2766; x_wconf 89' lang='lat' dir='ltr'>unde</span> <span class='ocrx_word' id='word_1_143' title='bbox 637 2701 737 2766; x_wconf 83' lang='lat' dir='ltr'>discas</span> <span class='ocrx_word' id='word_1_144' title='bbox 760 2703 853 2770; x_wconf 86' lang='lat' dir='ltr'>etiam</span> <span class='ocrx_word' id='word_1_145' title='bbox 874 2705 947 2767; x_wconf 92' lang='lat' dir='ltr'>hinc</span> <span class='ocrx_word' id='word_1_146' title='bbox 968 2702 1048 2763; x_wconf 89' lang='lat' dir='ltr'>nibil</span> <span class='ocrx_word' id='word_1_147' title='bbox 1069 2704 1126 2763; x_wconf 91' lang='lat' dir='ltr'>ob·</span> 
     </span>
     <span class='ocr_line' id='line_1_20' title="bbox 111 2814 1126 2899; baseline 0 -23"><span class='ocrx_word' id='word_1_148' title='bbox 111 2829 185 2878; x_wconf 87' lang='lat' dir='ltr'>stare</span> <span class='ocrx_word' id='word_1_149' title='bbox 210 2818 384 2883; x_wconf 85' lang='lat' dir='ltr'>sententiae</span> <span class='ocrx_word' id='word_1_150' title='bbox 408 2830 545 2882; x_wconf 85' lang='lat' dir='ltr'>nostrae.</span> <span class='ocrx_word' id='word_1_151' title='bbox 595 2818 681 2899; x_wconf 83' lang='lat' dir='ltr'>Elegi</span> <span class='ocrx_word' id='word_1_152' title='bbox 702 2829 807 2882; x_wconf 85' lang='lat' dir='ltr'>autem</span> <span class='ocrx_word' id='word_1_153' title='bbox 833 2817 885 2879; x_wconf 88' lang='lat' dir='ltr'>isti</span> <span class='ocrx_word' id='word_1_154' title='bbox 911 2814 1126 2881; x_wconf 87' lang='lat' dir='ltr'>lamentabiles</span> 
     </span>
     <span class='ocr_line' id='line_1_21' title="bbox 111 2930 1126 3011; baseline -0.001 -19"><span class='ocrx_word' id='word_1_155' title='bbox 111 2934 270 2996; x_wconf 69' lang='lat' dir='ltr'>certissime</span> <span class='ocrx_word' id='word_1_156' title='bbox 291 2954 358 2997; x_wconf 91' lang='lat' dir='ltr'>non</span> <span class='ocrx_word' id='word_1_157' title='bbox 380 2933 456 2997; x_wconf 90' lang='lat' dir='ltr'>editi</span> <span class='ocrx_word' id='word_1_158' title='bbox 478 2946 580 3011; x_wconf 85' lang='lat' dir='ltr'>erant,</span> <span class='ocrx_word' id='word_1_159' title='bbox 603 2930 658 2997; x_wconf 84' lang='lat' dir='ltr'>sed</span> <span class='ocrx_word' id='word_1_160' title='bbox 678 2933 762 2996; x_wconf 88' lang='lat' dir='ltr'>inter</span> <span class='ocrx_word' id='word_1_161' title='bbox 785 2930 901 2997; x_wconf 87' lang='lat' dir='ltr'>amicos</span> <span class='ocrx_word' id='word_1_162' title='bbox 919 2932 1126 3008; x_wconf 82' lang='lat' dir='ltr'>habebantur,</span> 
     </span>
     <span class='ocr_line' id='line_1_22' title="bbox 111 3045 1124 3129; baseline 0 -21"><span class='ocrx_word' id='word_1_163' title='bbox 111 3045 186 3110; x_wconf 88' lang='lat' dir='ltr'>unde</span> <span class='ocrx_word' id='word_1_164' title='bbox 216 3067 271 3109; x_wconf 87' lang='lat' dir='ltr'>eos</span> <span class='ocrx_word' id='word_1_165' title='bbox 293 3048 446 3113; x_wconf 86' lang='lat' dir='ltr'>Horatius</span> <span class='ocrx_word' id='word_1_166' title='bbox 473 3061 615 3126; x_wconf 71' lang='lat' dir='ltr'>noverat.</span> <span class='ocrx_word' id='word_1_167' title='bbox 662 3047 746 3113; x_wconf 90' lang='lat' dir='ltr'>Nam</span> <span class='ocrx_word' id='word_1_168' title='bbox 771 3059 898 3129; x_wconf 85' lang='lat' dir='ltr'>praeter</span> <span class='ocrx_word' id='word_1_169' title='bbox 921 3047 1059 3128; x_wconf 86' lang='lat' dir='ltr'>primum</span> <span class='ocrx_word' id='word_1_170' title='bbox 1084 3047 1124 3108; x_wconf 89' lang='lat' dir='ltr'>li-</span> 
     </span>
     <span class='ocr_line' id='line_1_23' title="bbox 109 3159 1124 3237; baseline 0.003 -16"><span class='ocrx_word' id='word_1_171' title='bbox 109 3161 193 3223; x_wconf 92' lang='lat' dir='ltr'>brum</span> <span class='ocrx_word' id='word_1_172' title='bbox 212 3161 336 3226; x_wconf 76' lang='lat' dir='ltr'>uidebis</span> <span class='ocrx_word' id='word_1_173' title='bbox 357 3164 441 3230; x_wconf 80' lang='lat' dir='ltr'>inira</span> <span class='ocrx_word' id='word_1_174' title='bbox 459 3164 538 3226; x_wconf 89' lang='lat' dir='ltr'>nibil</span> <span class='ocrx_word' id='word_1_175' title='bbox 560 3161 692 3226; x_wconf 76' lang='lat' dir='ltr'>edidisse</span> <span class='ocrx_word' id='word_1_176' title='bbox 710 3163 883 3225; x_wconf 89' lang='lat' dir='ltr'>Tibullum.</span> <span class='ocrx_word' id='word_1_177' title='bbox 927 3159 1048 3237; x_wconf 84' lang='lat' dir='ltr'>Quodsi</span> <span class='ocrx_word' id='word_1_178' title='bbox 1070 3161 1124 3224; x_wconf 88' lang='lat' dir='ltr'>de·</span> 
     </span>
     <span class='ocr_line' id='line_1_24' title="bbox 108 3276 1122 3364; baseline 0.003 -29"><span class='ocrx_word' id='word_1_179' title='bbox 108 3276 197 3360; x_wconf 85' lang='lat' dir='ltr'>nique</span> <span class='ocrx_word' id='word_1_180' title='bbox 227 3279 391 3361; x_wconf 87' lang='lat' dir='ltr'>quaeritur</span> <span class='ocrx_word' id='word_1_181' title='bbox 419 3301 569 3364; x_wconf 86' lang='lat' dir='ltr'>quorsum</span> <span class='ocrx_word' id='word_1_182' title='bbox 592 3279 728 3342; x_wconf 86' lang='lat' dir='ltr'>abierint</span> <span class='ocrx_word' id='word_1_183' title='bbox 750 3277 803 3341; x_wconf 88' lang='lat' dir='ltr'>isti</span> <span class='ocrx_word' id='word_1_184' title='bbox 826 3278 920 3356; x_wconf 82' lang='lat' dir='ltr'>elegi,</span> <span class='ocrx_word' id='word_1_185' title='bbox 947 3296 1060 3339; x_wconf 86' lang='lat' dir='ltr'>vereor</span> <span class='ocrx_word' id='word_1_186' title='bbox 1083 3296 1122 3339; x_wconf 87' lang='lat' dir='ltr'>ne</span> 
     </span>
     <span class='ocr_line' id='line_1_25' title="bbox 108 3388 1124 3478; baseline -0.004 -24"><span class='ocrx_word' id='word_1_187' title='bbox 108 3392 171 3472; x_wconf 85' lang='lat' dir='ltr'>plus</span> <span class='ocrx_word' id='word_1_188' title='bbox 193 3394 273 3454; x_wconf 83' lang='lat' dir='ltr'>scire</span> <span class='ocrx_word' id='word_1_189' title='bbox 295 3393 427 3457; x_wconf 82' lang='lat' dir='ltr'>velimus</span> <span class='ocrx_word' id='word_1_190' title='bbox 450 3414 545 3478; x_wconf 88' lang='lat' dir='ltr'>quam</span> <span class='ocrx_word' id='word_1_191' title='bbox 572 3394 662 3472; x_wconf 80' lang='lat' dir='ltr'>lieet3</span> <span class='ocrx_word' id='word_1_192' title='bbox 696 3394 828 3457; x_wconf 82' lang='lat' dir='ltr'>fortasse</span> <span class='ocrx_word' id='word_1_193' title='bbox 849 3402 959 3472; x_wconf 83' lang='lat' dir='ltr'>postea</span> <span class='ocrx_word' id='word_1_194' title='bbox 979 3388 1124 3472; x_wconf 86' lang='lat' dir='ltr'>displice·</span> 
     </span>
     <span class='ocr_line' id='line_1_26' title="bbox 107 3505 1124 3594; baseline 0.003 -28"><span class='ocrx_word' id='word_1_195' title='bbox 107 3505 177 3568; x_wconf 87' lang='lat' dir='ltr'>bant</span> <span class='ocrx_word' id='word_1_196' title='bbox 198 3508 344 3586; x_wconf 87' lang='lat' dir='ltr'>Tibullo,</span> <span class='ocrx_word' id='word_1_197' title='bbox 374 3522 411 3573; x_wconf 92' lang='lat' dir='ltr'>ut</span> <span class='ocrx_word' id='word_1_198' title='bbox 430 3510 497 3594; x_wconf 90' lang='lat' dir='ltr'>ipse</span> <span class='ocrx_word' id='word_1_199' title='bbox 518 3531 572 3574; x_wconf 88' lang='lat' dir='ltr'>eos</span> <span class='ocrx_word' id='word_1_200' title='bbox 594 3510 760 3588; x_wconf 86' lang='lat' dir='ltr'>deleverit,</span> <span class='ocrx_word' id='word_1_201' title='bbox 788 3508 815 3571; x_wconf 79' lang='lat' dir='ltr'>ei</span> <span class='ocrx_word' id='word_1_202' title='bbox 835 3508 928 3570; x_wconf 88' lang='lat' dir='ltr'>nimis</span> <span class='ocrx_word' id='word_1_203' title='bbox 949 3506 1068 3570; x_wconf 86' lang='lat' dir='ltr'>flebiles</span> <span class='ocrx_word' id='word_1_204' title='bbox 1093 3520 1124 3569; x_wconf 93' lang='lat' dir='ltr'>et</span> 
     </span>
     <span class='ocr_line' id='line_1_27' title="bbox 106 3618 1124 3709; baseline 0 -27"><span class='ocrx_word' id='word_1_205' title='bbox 106 3618 314 3686; x_wconf 70' lang='lat' dir='ltr'>lamentabiles</span> <span class='ocrx_word' id='word_1_206' title='bbox 338 3637 443 3702; x_wconf 81' lang='lat' dir='ltr'>erant,</span> <span class='ocrx_word' id='word_1_207' title='bbox 471 3622 735 3709; x_wconf 86' lang='lat' dir='ltr'>quemadmodum</span> <span class='ocrx_word' id='word_1_208' title='bbox 756 3645 797 3687; x_wconf 88' lang='lat' dir='ltr'>ex</span> <span class='ocrx_word' id='word_1_209' title='bbox 818 3624 951 3687; x_wconf 86' lang='lat' dir='ltr'>Horatio</span> <span class='ocrx_word' id='word_1_210' title='bbox 972 3622 1124 3704; x_wconf 87' lang='lat' dir='ltr'>suspicari</span> 
     </span>
     <span class='ocr_line' id='line_1_28' title="bbox 107 3734 1122 3823; baseline 0.001 -27"><span class='ocrx_word' id='word_1_211' title='bbox 107 3734 179 3799; x_wconf 82' lang='lat' dir='ltr'>lieet.</span> <span class='ocrx_word' id='word_1_212' title='bbox 229 3736 378 3802; x_wconf 87' lang='lat' dir='ltr'>Ceterum</span> <span class='ocrx_word' id='word_1_213' title='bbox 402 3763 502 3804; x_wconf 88' lang='lat' dir='ltr'>unum</span> <span class='ocrx_word' id='word_1_214' title='bbox 523 3762 648 3805; x_wconf 71' lang='lat' dir='ltr'>emman</span> <span class='ocrx_word' id='word_1_215' title='bbox 675 3739 715 3803; x_wconf 89' lang='lat' dir='ltr'>ad</span> <span class='ocrx_word' id='word_1_216' title='bbox 740 3740 905 3823; x_wconf 81' lang='lat' dir='ltr'>Glyceram</span> <span class='ocrx_word' id='word_1_217' title='bbox 931 3739 1013 3801; x_wconf 88' lang='lat' dir='ltr'>lorte</span> <span class='ocrx_word' id='word_1_218' title='bbox 1038 3747 1122 3798; x_wconf 90' lang='lat' dir='ltr'>aeta·</span> 
     </span>
     <span class='ocr_line' id='line_1_29' title="bbox 107 3851 1123 3938; baseline 0.006 -30"><span class='ocrx_word' id='word_1_219' title='bbox 107 3859 161 3911; x_wconf 87' lang='lat' dir='ltr'>tem</span> <span class='ocrx_word' id='word_1_220' title='bbox 181 3853 294 3916; x_wconf 79' lang='lat' dir='ltr'>tulisse</span> <span class='ocrx_word' id='word_1_221' title='bbox 314 3856 465 3936; x_wconf 84' lang='lat' dir='ltr'>suspicor,</span> <span class='ocrx_word' id='word_1_222' title='bbox 484 3856 635 3938; x_wconf 88' lang='lat' dir='ltr'>scriptum</span> <span class='ocrx_word' id='word_1_223' title='bbox 655 3875 732 3920; x_wconf 80' lang='lat' dir='ltr'>uero</span> <span class='ocrx_word' id='word_1_224' title='bbox 755 3851 834 3917; x_wconf 90' lang='lat' dir='ltr'>illud</span> <span class='ocrx_word' id='word_1_225' title='bbox 855 3853 961 3935; x_wconf 90' lang='lat' dir='ltr'>priore</span> <span class='ocrx_word' id='word_1_226' title='bbox 982 3864 1123 3934; x_wconf 89' lang='lat' dir='ltr'>tempore</span> 
     </span>
    </p>
   </div>
   <div class='ocr_carea' id='block_1_3' title="bbox 108 3960 1121 4053">
    <p class='ocr_par' dir='ltr' id='par_1_3' title="bbox 108 3960 1121 4053">
     <span class='ocr_line' id='line_1_30' title="bbox 108 3960 1121 4053; baseline 0.002 -27"><span class='ocrx_word' id='word_1_227' title='bbox 108 3960 192 4028; x_wconf 85' lang='lat' dir='ltr'>huius</span> <span class='ocrx_word' id='word_1_228' title='bbox 221 3968 357 4047; x_wconf 87' lang='lat' dir='ltr'>amoris,</span> <span class='ocrx_word' id='word_1_229' title='bbox 389 3967 477 4053; x_wconf 92' lang='lat' dir='ltr'>quod</span> <span class='ocrx_word' id='word_1_230' title='bbox 505 3969 572 4033; x_wconf 90' lang='lat' dir='ltr'>sine</span> <span class='ocrx_word' id='word_1_231' title='bbox 600 3968 728 4035; x_wconf 85' lang='lat' dir='ltr'>nomine</span> <span class='ocrx_word' id='word_1_232' title='bbox 752 3969 875 4051; x_wconf 87' lang='lat' dir='ltr'>puellae</span> <span class='ocrx_word' id='word_1_233' title='bbox 901 3979 1060 4050; x_wconf 87' lang='lat' dir='ltr'>repertum</span> <span class='ocrx_word' id='word_1_234' title='bbox 1088 3967 1121 4028; x_wconf 88' lang='lat' dir='ltr'>in</span> 
     </span>
    </p>
   </div>
   <div class='ocr_carea' id='block_1_4' title="bbox 108 4078 1122 4398">
    <p class='ocr_par' dir='ltr' id='par_1_4' title="bbox 108 4078 1122 4398">
     <span class='ocr_line' id='line_1_31' title="bbox 108 4078 1122 4169; baseline 0.006 -32"><span class='ocrx_word' id='word_1_235' title='bbox 108 4078 220 4145; x_wconf 84' lang='lat' dir='ltr'>schedis</span> <span class='ocrx_word' id='word_1_236' title='bbox 251 4082 373 4146; x_wconf 82' lang='lat' dir='ltr'>Tibulli</span> <span class='ocrx_word' id='word_1_237' title='bbox 402 4085 486 4147; x_wconf 90' lang='lat' dir='ltr'>inter</span> <span class='ocrx_word' id='word_1_238' title='bbox 516 4086 623 4169; x_wconf 84' lang='lat' dir='ltr'>quarti</span> <span class='ocrx_word' id='word_1_239' title='bbox 650 4085 725 4149; x_wconf 87' lang='lat' dir='ltr'>libri</span> <span class='ocrx_word' id='word_1_240' title='bbox 758 4084 895 4149; x_wconf 88' lang='lat' dir='ltr'>earmina</span> <span class='ocrx_word' id='word_1_241' title='bbox 929 4083 1044 4153; x_wconf 86' lang='lat' dir='ltr'>editum</span> <span class='ocrx_word' id='word_1_242' title='bbox 1076 4095 1122 4145; x_wconf 89' lang='lat' dir='ltr'>est</span> 
     </span>
     <span class='ocr_line' id='line_1_32' title="bbox 110 4191 1121 4283; baseline 0.003 -30"><span class='ocrx_word' id='word_1_243' title='bbox 110 4209 151 4255; x_wconf 86' lang='lat' dir='ltr'>ur.</span> <span class='ocrx_word' id='word_1_244' title='bbox 171 4201 220 4259; x_wconf 79' lang='lat'>13.</span> <span class='ocrx_word' id='word_1_245' title='bbox 263 4191 369 4280; x_wconf 81' lang='lat' dir='ltr'>(Adde</span> <span class='ocrx_word' id='word_1_246' title='bbox 390 4218 439 4261; x_wconf 86' lang='lat' dir='ltr'>nr.</span> <span class='ocrx_word' id='word_1_247' title='bbox 463 4196 527 4282; x_wconf 81' lang='lat' dir='ltr'>rt.)</span> <span class='ocrx_word' id='word_1_248' title='bbox 557 4199 667 4263; x_wconf 86' lang='lat' dir='ltr'>Deliae</span> <span class='ocrx_word' id='word_1_249' title='bbox 691 4199 841 4283; x_wconf 83' lang='lat' dir='ltr'>seriptum</span> <span class='ocrx_word' id='word_1_250' title='bbox 861 4220 925 4263; x_wconf 88' lang='lat' dir='ltr'>non</span> <span class='ocrx_word' id='word_1_251' title='bbox 950 4199 1020 4273; x_wconf 85' lang='lat' dir='ltr'>fuit,</span> <span class='ocrx_word' id='word_1_252' title='bbox 1042 4218 1121 4278; x_wconf 79' lang='lat' dir='ltr'>quae</span> 
     </span>
     <span class='ocr_line' id='line_1_33' title="bbox 111 4314 1120 4398; baseline 0.001 -28"><span class='ocrx_word' id='word_1_253' title='bbox 111 4327 166 4372; x_wconf 88' lang='lat' dir='ltr'>uon</span> <span class='ocrx_word' id='word_1_254' title='bbox 181 4314 310 4377; x_wconf 88' lang='lat' dir='ltr'>immitis</span> <span class='ocrx_word' id='word_1_255' title='bbox 333 4328 363 4376; x_wconf 87' lang='lat' dir='ltr'>et</span> <span class='ocrx_word' id='word_1_256' title='bbox 384 4317 520 4398; x_wconf 85' lang='lat' dir='ltr'>superba</span> <span class='ocrx_word' id='word_1_257' title='bbox 540 4329 618 4398; x_wconf 85' lang='lat' dir='ltr'>erat,</span> <span class='ocrx_word' id='word_1_258' title='bbox 642 4331 678 4380; x_wconf 88' lang='lat' dir='ltr'>ut</span> <span class='ocrx_word' id='word_1_259' title='bbox 695 4320 782 4395; x_wconf 86' lang='lat' dir='ltr'>haec,</span> <span class='ocrx_word' id='word_1_260' title='bbox 803 4329 833 4379; x_wconf 89' lang='lat' dir='ltr'>et</span> <span class='ocrx_word' id='word_1_261' title='bbox 855 4316 942 4378; x_wconf 82' lang='lat' dir='ltr'>culus</span> <span class='ocrx_word' id='word_1_262' title='bbox 967 4332 1120 4394; x_wconf 86' lang='lat' dir='ltr'>nusquam</span> 
     </span>
    </p>
   </div>
   <div class='ocr_carea' id='block_1_5' title="bbox 0 0 1238 4838">
    <p class='ocr_par' dir='ltr' id='par_1_5' title="bbox 0 0 1238 4838">
     <span class='ocr_line' id='line_1_34' title="bbox 0 0 1238 4838; baseline 0 1"><span class='ocrx_word' id='word_1_263' title='bbox 0 0 1238 4838; x_wconf 95' lang='lat' dir='ltr'> </span> 
     </span>
    </p>
   </div>
  </div>
 </body>
</html>
