2468 4838
138 616 201 658 cxx
547 596 606 659 DE
629 590 751 661 ronst

138 787 219 851 quae
244 777 320 828 suut
342 767 404 830 alia
425 766 525 829 multa
545 765 669 827 similia.
709 762 762 827 Sic
784 765 880 845 igitur
900 762 1036 843 elegiaca
1057 763 1163 843 poesis

138 880 278 959 diducta,
296 880 423 945 dilatata
440 882 581 943 oratioue
601 892 692 943 utens
713 880 748 941 in
768 890 873 961 partes
892 876 1006 941 dividit
1024 878 1165 940 suaviter

138 1000 325 1078 sententias;
347 1018 494 1081 quaeres
509 997 581 1059 licet
596 997 689 1059 etiam
703 996 736 1058 in
751 996 820 1058 aliis
834 996 982 1059 omnibus
995 994 1165 1075 generibus

140 1126 309 1194 usurpetur
341 1113 457 1194 passim
488 1113 545 1175 ubi
572 1112 788 1192 commodum,
825 1113 940 1191 elegiae
967 1122 1077 1175 tamen
1105 1110 1164 1174 uni

138 1227 281 1289 omnium
305 1227 442 1289 maxime
466 1239 554 1309 patet
574 1229 632 1289 lias
656 1226 826 1290 divisiones
849 1224 1033 1289 convenire.

201 1343 346 1403 Alterum
365 1342 486 1420 insigne
507 1339 669 1429 artificium
690 1338 877 1415 latitudinis,
897 1336 985 1423 quod
1004 1357 1163 1401 memora·

138 1453 258 1531 vimus,
298 1454 481 1538 ammficatm
509 1466 557 1516 est
582 1459 745 1517 sosastam
773 1456 814 1515 lu's
843 1464 897 1516 aaa
924 1454 1031 1536 pluries
1056 1472 1162 1535 ponera

138 1568 257 1629 eoadem
278 1569 341 1629 aliis
359 1568 457 1629 verbm
505 1568 557 1631 Fit
576 1570 638 1630 hoc
659 1567 749 1631 vario
770 1564 883 1643 modo,
911 1568 1008 1629 veluti
1027 1565 1057 1628 si
1076 1566 1163 1647 posi·

137 1683 200 1745 tive
227 1693 258 1745 et
285 1684 444 1762 negative,
473 1683 603 1763 proprie
625 1693 655 1744 et
679 1683 815 1763 tropice,
839 1679 1034 1744 indefinitius
1055 1691 1088 1741 et
1108 1677 1163 1741 de·
1218 1662 1226 1669 ’

136 1796 253 1859 linitius
274 1796 433 1879 loquaris;
456 1795 532 1857 alias
553 1796 735 1857 hexameter
756 1805 921 1877 praeparet
941 1790 1029 1878 quod
1048 1804 1162 1873 penta·

136 1924 236 1975 meter
258 1912 432 1994 eloquitur,
462 1921 517 1972 ant
538 1908 624 1993 quod
645 1911 829 1971 hexameter
851 1908 1045 1987 enuntiavit,
1073 1926 1159 1973 novo

137 2025 349 2090 additamento
370 2028 507 2108 complet
526 2037 735 2108 pentameter,
762 2038 794 2089 et
815 2025 872 2107 qui
890 2036 967 2089 sunt
986 2024 1042 2087 alii
1061 2022 1160 2089 morli.

135 2140 196 2206 llic
215 2142 406 2223 simpliciora
426 2140 581 2225 quaedam
605 2140 751 2221 exempla
771 2158 877 2221 ponor

220 2254 343 2319 Fictilia
363 2254 512 2338 antiquus
529 2254 666 2337 primum
688 2253 750 2315 sibi
769 2252 842 2315 lecit
861 2253 992 2332 agrestis

264 2372 397 2450 Pocula,
427 2368 467 2433 tle
487 2369 571 2433 lacili
591 2369 831 2454 composuitque
850 2370 929 2431 luto.

219 2543 273 2607 ule
297 2542 435 2604 retinent
454 2543 592 2604 vinctum
614 2542 770 2603 formosae
791 2540 895 2605 vincla
916 2542 1062 2623 puellae,

214 2634 216 2639 Ι
243 2655 302 2719 ΛΕῑ
323 2654 417 2719 sedeo
439 2654 534 2719 duras
557 2656 673 2720 ianitor
693 2667 765 2719 ante
789 2658 884 2720 iores.

220 2822 324 2899 Quam
346 2825 452 2901 timui,
481 2846 522 2887 ne
545 2826 626 2889 sorte
647 2837 738 2888 tuum
759 2844 847 2887 mara
867 2844 986 2888 nomen
1007 2825 1158 2903 haberet,

262 2938 367 3019 Atque
391 2948 444 2997 tua
466 2940 576 3001 labeus
596 2938 701 3002 navita
721 2936 809 3001 lleret
831 2958 925 3022 aqua.

218 3104 370 3169 Hostibus
391 3109 515 3171 eveniat
535 3106 632 3172 viduo
653 3106 791 3172 dormire
813 3107 926 3186 cubili,

260 3219 300 3282 Et
322 3220 424 3286 medio
447 3224 518 3284 laxe
539 3243 659 3303 ponere
681 3224 821 3285 membra
841 3234 924 3284 toro.

212 3377 265 3450 Ὦ
288 3387 376 3466 νέοι,
406 3383 490 3455 iiii
511 3387 667 3479 μάχεσθε
686 3383 766 3478 παρ’
788 3382 960 3477 ἀλλήλοισι
978 3390 1157 3477 μένοντες,

257 3496 345 3581 μηδὲ
365 3502 474 3584 φυγῆς
498 3502 636 3592 αἰσχροῖς
659 3498 778 3595 ἄρχετε
798 3504 886 3592 μηδὲ
911 3499 1038 3593 φόβον,

215 3600 321 3676 Ἀλλά
338 3611 449 3695 μέγαν
468 3627 593 3681 ποιεῖ-ιε
611 3616 667 3684 aul
684 3614 832 3704 ἄλκιμον
847 3624 886 3687 ἐν
904 3620 999 3706 φρεσὶ
1018 3618 1150 3707 sepita,

256 3722 342 3810 partia
365 3717 570 3815 φιλοψυχεῖτ’
594 3720 734 3811 ἀνδράσι
756 3722 987 3816 μαρνάμενοι.

216 3892 291 3959 Aisi
313 3894 427 3977 μὲν
390 3890 526 4026 φρένας
548 3886 637 3984 oripi
660 3898 758 3965 sosoi
780 3897 926 3985 τείρουσι
945 3898 1129 3987 μέριμναι,

259 3998 334 4075 οὐδ’
357 4031 462 4096 αιινιις
485 4012 657 4099 τιρορορῶν
678 4010 877 4098 τέρπεται,
858 4002 982 4079 νέλιον.

220 4175 314 4259 Μηδὲ
324 4204 384 4261 μοι
398 4175 583 4257 &elocutor
598 4174 754 4257 θοινιιιος
768 4173 881 4267 μόλοι,
901 4175 987 4253 αλλὰ
999 4184 1147 4269 φίλοισιν

257 4286 487 4379 Κολλείιιοιμι
511 4290 628 4365 θανών
652 4292 757 4385 ἄλγεσι
777 4298 832 4365 sul
858 4294 1034 4391 στοναχάς.
