2468 4838
496 576 679 644 TlBU'LLI.
995 596 1094 649 umis

148 749 189 811 In
212 747 323 811 medio
352 749 487 812 carmine
511 748 579 816 dixi
599 750 759 837 propriam
781 753 886 818 eadem
908 776 974 821 esso
997 759 1093 821 uber·

64 863 136 927 tatis
152 864 377 943 Tibullianaa;
397 862 449 929 lsic
469 865 573 927 locum
596 886 687 931 suum
708 868 803 930 habet
824 870 879 931 illa
898 870 1029 951 insignis
1041 891 1094 935 rs·

65 996 138 1039 rum
160 977 317 1051 varietas,
347 996 411 1059 qua
434 977 545 1039 Albius
568 979 645 1042 alios
673 1000 781 1045 omnes
809 997 916 1063 poetas
944 984 1095 1065 elegiacos

66 1103 208 1173 superat.
250 1087 363 1166 Qualis
381 1091 477 1170 igitur
497 1091 575 1156 haec
596 1088 666 1155 est?
708 1094 855 1157 Profecto
875 1097 902 1158 si
924 1096 993 1159 talis
1014 1106 1095 1159 esset

67 1208 205 1271 varietas
226 1206 397 1269 affectuum
418 1207 589 1284 celebrato,
616 1217 651 1268 ut
677 1219 750 1289 post
777 1229 878 1288 pauco
904 1209 944 1271 ab
970 1210 1033 1271 alio
1052 1206 1093 1270 ad

13 1366 18 1377 .
70 1318 158 1383 aliud
177 1333 367 1404 properaret
387 1342 511 1403 semper
538 1326 617 1386 haec
639 1324 753 1403 elegia,
783 1344 939 1407 nusquam
966 1342 1093 1386 morans

71 1430 191 1495 diutius
213 1445 245 1496 et
262 1434 412 1497 inhibens
434 1456 574 1513 cursum,
596 1456 721 1516 vagam,
742 1438 922 1517 confusam,
944 1437 1094 1501 intolera-

71 1546 168 1609 bilem
189 1545 366 1612 diceremus
392 1570 500 1613 onmes
520 1551 702 1613 huiusmodi
724 1552 998 1634 compositionem
1035 1572 1093 1634 op·

70 1682 200 1746 pressus
227 1663 429 1727 multitudine
456 1666 633 1731 indistincta
660 1688 767 1731 rarum
793 1669 929 1732 nescires
950 1664 1026 1751 quid
1048 1669 1093 1729 la·

70 1776 184 1858 gissa,
211 1775 288 1861 quid
310 1779 451 1841 sentires.
499 1781 669 1846 Enimvero
694 1784 755 1844 tale
778 1780 855 1864 quid
877 1784 980 1844 bonus
1000 1794 1095 1864 poeta

72 1891 266 1955 committam
295 1892 423 1976 nequit,
452 1891 508 1955 sed
530 1915 601 1958 cum
629 1895 730 1958 omnis
752 1895 849 1976 elegia
868 1895 962 1960 latius
983 1892 1094 1977 depin-

71 2025 147 2085 gere
168 2017 252 2068 amat
271 2024 325 2069 res
347 2017 378 2067 et
398 2026 506 2069 sensus
529 2028 610 2090 quos
630 2021 751 2088 tractat,
770 2009 863 2072 etiam
885 2009 941 2071 ubi
962 2009 1093 2071 celerior

72 2117 204 2182 affectus
227 2130 354 2198 regum,
385 2118 574 2183 morandum
600 2143 686 2184 nunc
707 2123 760 2185 hic
780 2142 864 2185 nunc
890 2123 954 2185 illio
975 2120 1092 2186 diutius

73 2246 136 2311 est,
156 2244 188 2296 et
208 2229 376 2315 ponendae
397 2233 638 2314 explicationes,
665 2232 905 2315 descriptiones,
930 2245 967 2295 ut
985 2233 1094 2313 imagi·

73 2370 130 2412 nes
157 2369 268 2435 rerum
296 2368 461 2431 expressae
491 2348 643 2411 exsistant
669 2340 863 2435 (Gemdbldr).
917 2350 1020 2431 Atque
1051 2348 1094 2409 ita

72 2463 147 2527 lecit
167 2463 327 2543 Tibullus,
347 2468 426 2525 cuius
446 2468 577 2525 cannino
595 2465 680 2546 plara
701 2460 927 2546 dacnpmnttn
945 2463 1048 2524 motus
1066 2473 1093 2524 a

72 2582 160 2659 quasi
179 2582 299 2660 pt'ctttms
325 2591 452 2642 mnsam
479 2581 632 2641 maioribus
658 2580 861 2661 minoribusque
890 2579 991 2640 multis.
1040 2576 1092 2639 Sic

71 2712 103 2755 u.
125 2712 153 2755 c.
182 2693 219 2753 in
240 2691 341 2771 elegia
367 2693 392 2770 I,
415 2699 446 2755 3.
468 2693 566 2754 habes
589 2691 728 2772 primum
756 2689 892 2772 depictas
920 2691 1093 2752 anxietates

70 2807 242 2887 discessus,
264 2829 337 2871 cum
356 2809 391 2870 in
410 2811 528 2871 bellum
550 2808 610 2870 iret
629 2820 739 2890 poeta,
767 2820 834 2869 tum
854 2805 968 2871 Isidem
989 2806 1094 2868 colen·

72 2938 136 2987 tem
163 2924 310 3003 Deliam,
347 2943 424 2987 mox
455 2924 529 3004 legis
559 2921 800 3004 descriptionem
830 2941 944 2983 aureae
976 2920 1092 2999 aetatis,

72 3052 138 3100 tum
159 3038 261 3121 Elysii
284 3049 320 3112 et
343 3038 482 3116 Tartari,
516 3038 652 3120 denique
673 3038 811 3120 puellam
832 3035 918 3099 rides
940 3033 1025 3099 domi
1052 3034 1093 3098 ad

70 3154 235 3216 lucernam
255 3172 329 3214 cum
357 3151 476 3215 ancillis
500 3147 659 3212 sedentem
684 3149 789 3210 subito
815 3148 940 3210 obviam
968 3166 1092 3209 currere

71 3269 205 3332 intranti
218 3267 362 3330 amatori.
403 3266 565 3347 Proprius,
585 3265 679 3345 plana
700 3261 849 3344 proprius
870 3261 922 3323 hic
942 3281 1017 3323 usus
1038 3260 1093 3323 Ti-

72 3384 182 3446 bullo:
203 3383 325 3445 habent
340 3382 432 3444 etiam
448 3381 501 3442 alii
517 3400 625 3443 omnes
645 3377 772 3458 elegiaci
784 3389 895 3459 poetae
912 3374 1093 3458 descriptio·

73 3516 148 3575 naa,
176 3508 214 3560 ut
240 3518 302 3579 par
321 3508 385 3576 est,
414 3494 468 3559 sed
490 3497 570 3558 lianc
592 3493 773 3558 varietatem
794 3491 1038 3575 descriptionum
1058 3493 1093 3555 in

73 3609 186 3674 codem
212 3611 351 3674 carmine
380 3630 475 3674 nemo
503 3622 630 3692 praeter
651 3610 824 3673 Tibullum.
874 3610 986 3673 Debeo
1008 3630 1093 3670 nunc

71 3728 221 3791 lectorem
243 3728 352 3809 paullo
373 3729 469 3807 mans
489 3726 688 3790 introducere
715 3725 749 3786 in
777 3725 834 3787 has
856 3724 976 3804 copias,
1006 3721 1093 3804 quod

71 3843 115 3907 ita
134 3843 250 3906 facim
266 3855 304 3905 ut
320 3842 415 3905 simul
434 3843 516 3922 legas
534 3840 703 3918 ostendam,
725 3836 896 3902 secundum
913 3858 991 3919 quas
1008 3857 1093 3899 com·

72 3959 244 4040 positiones
264 3961 378 4022 harum
400 3956 641 4041 descriptionum
663 3957 773 4018 factae.
816 3951 905 4028 Quae
925 3971 976 4013 res
998 3962 1030 4012 et
1051 3947 1093 4012 ad

71 4072 362 4156 interpretationem
385 4071 608 4135 accuratiorem
631 4067 807 4144 utilissima,
840 4086 896 4128 nec
921 4066 995 4128 artis
1015 4087 1092 4147 poe·

73 4191 149 4253 ticae
170 4187 322 4253 studiosis
345 4185 582 4250 contemnenda.
633 4184 764 4249 Videbis
787 4203 861 4248 tero
885 4185 984 4266 ulique
1004 4195 1091 4246 totum

70 4310 188 4381 positum
208 4304 246 4367 in
268 4301 441 4367 maioribus
463 4313 493 4364 at
517 4299 662 4365 minimis.
