2468 4838
135 642 255 687 cxxxiv
539 621 598 685 DE
619 618 743 688 ronst

219 787 295 852 Vidi
314 809 373 871 ego
394 791 451 874 qui
471 797 597 854 insanum
616 792 749 854 miseros
768 791 892 855 lusisset
913 809 1056 871 amores,

260 904 330 967 Post
348 903 484 967 Veneris
504 904 615 968 vinclis
636 903 773 969 subdere
795 906 877 967 colla
896 924 999 967 senem·

220 1075 292 1138 Heu
314 1077 453 1140 caninius
474 1078 607 1157 frustm,
636 1100 694 1141 nec
715 1079 802 1140 serbis
822 1077 905 1140 victa
924 1073 1058 1159 patescit

265 1191 379 1269 Ianua,
409 1188 463 1254 sed
484 1193 569 1276 plana
589 1203 637 1255 est
657 1188 861 1275 percutienda
881 1209 979 1255 muno.

221 1370 285 1435 Sed
305 1395 346 1436 ne
365 1387 397 1438 te
419 1378 559 1459 capiant,
585 1383 677 1461 ptimo
697 1378 725 1441 si
745 1378 827 1440 forte
849 1378 975 1456 negabit

264 1486 400 1569 Taedia3
426 1493 566 1572 paulatim
587 1493 646 1554 sub
667 1493 740 1571 iuga
761 1491 842 1554 colla
862 1488 959 1554 dabit.

223 1658 324 1743 Saepe
346 1683 402 1744 ego
424 1666 542 1729 tentavi
562 1687 653 1730 curas
676 1666 831 1749 depellere
853 1667 948 1731 vino:

265 1776 307 1841 At
327 1775 420 1841 dolor
439 1781 474 1841 in
494 1779 637 1844 lacrimas
658 1793 797 1843 verterat
818 1801 910 1843 omne
931 1800 1066 1843 merum.

139 1912 226 1976 Haec
252 1915 348 1996 igitur
369 1929 464 2001 atque
490 1921 565 1982 talia
588 1934 674 2002 patet
698 1922 832 1985 similem
854 1923 918 1984 vim
939 1922 1060 1985 habers
1082 1919 1164 1985 diri-

140 2025 282 2090 sionibus
304 2040 335 2090 et
354 2032 510 2110 egregium
532 2054 598 2096 esse
624 2034 709 2097 illius
736 2035 867 2097 rationis
888 2036 1165 2116 complementum.

141 2140 414 2218 Quemadmodum
432 2149 526 2211 etiam
544 2151 679 2212 maiores
700 2147 903 2212 distichorum
923 2161 954 2211 et
972 2148 1165 2228 ampliorum

140 2261 285 2323 locorum
310 2261 525 2342 oppositiones
552 2262 675 2338 variae,
708 2260 748 2325 de
774 2263 891 2345 quibus
916 2259 1165 2342 supradictum,

142 2373 208 2435 sive
229 2368 382 2436 diuisione
402 2375 469 2437 sive
490 2376 553 2437 alio
574 2373 670 2437 modo
692 2375 849 2454 orianum,
871 2372 1004 2435 eandem
1024 2369 1167 2434 indolem

143 2485 340 2548 Tibullianae
364 2486 549 2551 elocutionis
572 2499 603 2550 ct
630 2487 706 2549 artis
731 2488 891 2566 referunt,
921 2488 1010 2549 cuius
1034 2486 1167 2548 omuino

142 2598 292 2678 propriae
314 2596 492 2677 distinctae,
513 2597 663 2661 discretae
682 2600 848 2665 nervosius
865 2602 1096 2676 membrorum,
1117 2596 1168 2659 di·

144 2710 336 2788 stichormn,
376 2710 532 2773 maiorum
564 2713 708 2778 locorum
737 2712 887 2773 rationes.
949 2713 1057 2792 Atque
1088 2711 1168 2772 haec

144 2823 307 2885 haetenus.
360 2825 451 2888 Iuvat
472 2823 608 2906 denique
636 2835 708 2906 post
730 2822 837 2885 omnis
855 2820 939 2884 dicta
964 2840 1052 2883 nuuc
1075 2844 1169 2885 enan

144 2937 297 3001 rationem
329 2937 458 3001 brevem
491 2940 596 3016 elegiae
621 2945 732 3022 prinae
762 2937 828 2998 libri
854 2940 941 3018 primi
966 2935 1169 3017 subiungere,

147 3060 181 3109 ut
202 3049 361 3110 luculento
384 3052 528 3131 exemplo
551 3064 651 3113 totum
672 3050 863 3131 explicatum
883 3037 1049 3130 hucusque
1071 3068 1169 3127 genus

146 3163 271 3227 dicendi
292 3165 505 3228 Tibullianum
534 3188 606 3229 cum
634 3164 841 3229 divisionibus
864 3175 895 3225 et
915 3163 1170 3244 oppositionibus

146 3299 252 3340 rerum
282 3280 424 3360 plurimis
453 3281 494 3341 ob
522 3282 629 3341 oculos
657 3298 786 3359 ponam.
837 3277 936 3357 Igitur
955 3277 991 3337 in
1009 3277 1170 3357 principio

149 3411 220 3450 cum
248 3410 358 3450 sensus
387 3392 444 3463 sit,
484 3392 583 3450 otium
613 3387 818 3451 domesticum
850 3409 884 3451 se
912 3389 989 3451 belli
1018 3387 1171 3451 molestiis

148 3500 325 3580 praeferre,
355 3501 492 3580 primum
514 3521 590 3580 opes
611 3499 796 3563 dividuntur
816 3502 851 3562 in
874 3523 978 3563 aurion
1004 3512 1036 3562 et
1060 3522 1171 3583 pones·

146 3619 234 3675 sobnas
263 3633 417 3690 agrorum,
455 3634 590 3694 qttarum
620 3634 728 3676 rerum
761 3616 982 3676 coniunctione
1018 3623 1172 3690 constant,

149 3741 216 3791 tum
238 3738 444 3807 opponuntur
463 3727 498 3787 in
516 3725 655 3787 secundo
671 3725 803 3789 disticho
822 3728 982 3789 molestiae
998 3737 1172 3789 castrenses

150 3862 234 3905 nova
250 3840 412 3917 divisione,
434 3841 541 3922 quales
559 3862 619 3920 per
633 3841 707 3901 diam
722 3853 753 3901 et
766 3861 825 3921 per
842 3853 959 3917 nomem,
979 3839 1171 3921 descriptae:

150 3968 309 4034 postremo
331 3955 389 4016 toti
410 3955 459 4014 his
476 3950 614 4014 distichis
634 3954 794 4014 absolutae
810 3954 982 4015 sententiae
997 3953 1173 4033 opponitur

151 4081 320 4147 paupertas
350 4079 381 4128 et
409 4069 508 4129 otium
536 4067 645 4148 paucis
675 4076 867 4128 contentum.
917 4063 1011 4126 Nunc
1035 4062 1109 4126 vide
1139 4072 1174 4124 ut

152 4181 211 4240 hoc
234 4192 354 4240 tractet.
401 4180 528 4241 Transit
554 4178 593 4240 ad
616 4179 741 4258 negotia
761 4180 895 4255 mistica,
927 4189 1091 4240 attereres
1110 4181 1173 4238 outa

153 4303 181 4350 et
210 4292 336 4367 grandia
359 4313 447 4372 pomo
476 4312 580 4352 serere
606 4292 692 4368 vttlt,
725 4314 760 4353 ac
783 4303 885 4371 sperat
899 4289 1021 4370 frugum
1044 4308 1172 4354 acervos
