2468 4838
148 618 247 667 nxxtv
555 602 613 665 DE
634 599 756 669 POESI

232 782 279 844 Ac
303 782 426 862 primum
451 775 578 861 quidem
605 776 828 862 simplicissime
854 779 909 840 lex
935 777 1171 861 compositionis

145 891 288 979 prodeat,
307 895 364 956 ubi
378 897 492 977 paritas
508 905 618 973 regnat
631 892 715 954 inter
730 911 792 969 res,
810 912 888 976 quas
905 889 1073 975 descriptio
1091 913 1171 955 snu-

146 1026 271 1071 msrsns
299 1006 514 1089 complectitur
538 1003 774 1090 (Coords'notion).
822 1008 861 1069 In
886 1007 972 1069 hunc
992 1005 1125 1071 modum
1145 1009 1172 1087 Ι,

148 1127 179 1198 8,
199 1120 293 1185 s-tt.
312 1133 394 1182 artes
416 1117 646 1197 describuntur,
668 1120 782 1203 quibus
797 1119 920 1201 placere
937 1117 1086 1183 studebat
1101 1120 1172 1183 for-

146 1255 254 1299 mosus
282 1256 363 1317 puer
389 1234 555 1296 Marathus
584 1238 723 1317 puellae,
757 1255 834 1297 curs
862 1254 1043 1313 comarum,
1076 1234 1170 1297 lucus

146 1367 315 1427 genarum,
346 1368 467 1428 ungues
495 1368 648 1409 munuum
675 1348 811 1411 subsecti
829 1347 930 1430 perite
951 1361 984 1411 et
1003 1367 1083 1417 ense
1103 1349 1169 1411 col·

145 1461 245 1540 ligent
277 1481 470 1545 compressos
497 1460 610 1544 pedes,
642 1484 678 1526 ac
706 1475 808 1554 petet‘
822 1475 924 1526 totum
951 1461 1078 1541 edesse,
1112 1461 1169 1526 ds·

146 1573 315 1654 scriptione
337 1595 356 1635 s
376 1575 476 1655 capite
500 1574 539 1637 sd
556 1573 653 1656 pedes
671 1573 888 1639 descendente.
929 1577 1003 1639 Alis
1021 1579 1168 1658 exempla

146 1701 221 1752 sunt
246 1692 272 1769 1,
292 1697 324 1769 2,
353 1698 470 1755 25-32.
496 1691 553 1754 ubi
578 1693 678 1752 tutela
703 1692 838 1754 Veneris
865 1693 901 1754 in
929 1692 982 1756 vis
1010 1705 1168 1755 nocturne

146 1801 349 1886 describitur,
381 1827 463 1891 quoe
488 1819 520 1869 et
538 1807 674 1889 impetus
693 1819 902 1888 grassmorum
924 1818 1029 1869 sroest
1047 1817 1080 1869 et
1096 1807 1165 1869 bie·

145 1920 204 1984 mis
225 1922 274 1986 vis
303 1922 395 1986 facist
414 1944 463 1994 ,ns
492 1935 619 2003 nocent,
653 1925 730 2001 etl,
758 1931 787 2000 6,
812 1929 925 1987 17-22.
955 1921 1013 1986 ubi
1036 1919 1163 1985 frendes

144 2035 278 2100 lascivae
299 2038 410 2100 Delios
435 2050 669 2101 enumerentur.
720 2037 807 2100 Haec
825 2037 922 2117 igitur
941 2036 1051 2099 omnis
1070 2037 1163 2100 huius

144 2153 283 2231 generis,
314 2168 347 2216 et
364 2153 486 2218 videbis
513 2155 599 2216 inire
627 2167 821 2238 quantopere
842 2165 926 2216 emet
945 2153 1094 2216 Tibullus
1113 2174 1163 2216 so·

144 2278 267 2327 curetas
289 2265 458 2330 divisiones
478 2289 597 2330 rerum.

229 2378 384 2443 Sucoedat
407 2383 531 2444 mundo
552 2383 623 2444 loco
645 2386 802 2464 compositis
821 2402 875 2464 per
893 2384 1105 2464 opposffibnem,
1133 2391 1163 2442 et

144 2489 281 2570 primum
303 2490 431 2572 quidem
451 2512 510 2571 per
530 2493 711 2552 distichorum
732 2489 979 2571 oppositionem,
1002 2490 1037 2552 lt.
1058 2510 1087 2552 e.
1108 2490 1163 2552 ubi

143 2619 229 2668 certe
257 2607 324 2686 lege
353 2604 484 2668 disticha
512 2607 573 2669 sibi
594 2590 800 2690 opponuntur
821 2620 852 2669 et
877 2628 987 2670 severe
1006 2605 1162 2691 quaedem

143 2721 360 2783 concinnitatis
391 2721 498 2800 regulo
528 2733 639 2800 regnat
666 2742 724 2801 per
752 2732 862 2782 totum.
912 2717 996 2784 Vide
1025 2720 1163 2801 singutas

142 2829 272 2895 formas.
317 2833 458 2894 Primum
480 2845 582 2913 potest
603 2834 662 2895 uni
681 2832 813 2898 disticho
833 2834 1007 2899 secundum
1032 2836 1163 2920 opponi,

143 2966 244 3028 esque
266 2947 319 3007 lex
340 2948 437 3007 semel
461 2958 515 3006 eut
535 2946 653 3025 pluries
680 2949 797 3029 repeti,
827 2960 863 3010 ut
890 2951 923 3010 in
951 2946 1160 3033 descriptione

142 3063 166 3138 1,
186 3069 218 3139 2,
240 3061 354 3161 ⁴.⁵'⁵²⁰
376 3059 627 3124 Commentarius
647 3060 738 3128 docet
765 3065 868 3147 primo
897 3063 1028 3129 disticho
1049 3085 1161 3130 secun·

143 3175 238 3253 dum,
265 3176 357 3239 tertio
385 3189 533 3261 quartum
554 3181 691 3262 opponi,
721 3192 824 3243 totum
843 3200 921 3244 vero
942 3180 1006 3242 olio
1026 3176 1160 3245 disticho

142 3292 254 3358 claudi.
295 3293 403 3357 Potest
422 3316 499 3358 vero
520 3296 589 3357 eliis
609 3296 645 3356 in
664 3295 741 3357 locis
762 3296 854 3357 etiem
876 3292 1001 3357 duobus
1021 3292 1161 3359 distichis

141 3410 261 3490 opponi
281 3430 397 3486 unum,
425 3409 512 3491 quod
533 3412 582 3473 bis
604 3412 720 3473 iactum
741 3413 766 3490 Ι,
788 3413 820 3487 t,
841 3411 953 3475 41-52.
979 3412 1036 3474 ubi
1055 3413 1159 3494 primo

140 3534 171 3584 et
193 3520 331 3584 secundo
359 3521 491 3585 disticho
520 3525 664 3603 tertium,
694 3538 808 3607 quarto
837 3538 868 3588 et
894 3522 1006 3608 quinto
1034 3539 1158 3589 sextum

140 3635 322 3717 opponitur.
357 3635 536 3721 Utrumque
549 3660 646 3719 genus
659 3642 859 3704 coniunctum
869 3641 941 3704 vide
952 3642 992 3721 ΙΙ,
1005 3647 1035 3720 3,
1047 3645 1159 3706 37-46.

138 3752 173 3814 in
194 3749 401 3834 descriptione
421 3773 545 3816 morum
562 3757 734 3836 pravitatis.
776 3759 825 3821 Ibi
844 3760 981 3839 primum
996 3759 1080 3821 belle
1095 3772 1159 3822 ter·

138 3867 250 3930 restris
274 3879 306 3930 et
331 3867 486 3930 maritime
515 3882 765 3952 componuntur,
793 3883 862 3934 tum
876 3851 924 3934 'de
945 3872 1076 3935 luxuria
1095 3873 1159 3955 sgi-

137 3990 191 4042 tur
212 3980 266 4059 sic,
289 3994 325 4045 ut
344 3984 437 4045 tertio
460 3995 491 4046 et
512 3997 625 4068 quarto
650 3985 781 4049 disticho
806 4008 953 4068 agrorum
972 3988 1109 4053 coemtio
1128 4000 1160 4050 et

138 4098 332 4161 urbanarum
349 4098 516 4163 domorum
531 4101 681 4184 splendor
699 4116 856 4182 unctetur,
876 4103 989 4188 quinto
1009 4124 1089 4168 vero
1109 4105 1160 4168 bis

136 4211 336 4274 terrestribus
366 4216 461 4277 rebus
489 4234 576 4277 mere
606 4229 785 4298 opponatur
814 4239 886 4282 cum
916 4230 1097 4282 constructe
1122 4219 1157 4281 in

137 4319 230 4399 nudis
257 4326 345 4387 mole
377 4324 416 4388 ad
450 4327 550 4408 pisces
583 4349 672 4393 raros
706 4328 888 4394 servandos.
943 4333 1048 4415 Atque
1079 4333 1157 4395 boec
