2468 4838
158 632 231 677 xcvi
565 607 624 671 DE
648 599 768 670 POESl

156 790 231 852 alias
253 786 371 849 formas
398 779 549 854 induens,
579 774 679 841 donec
705 777 741 840 in
767 773 855 839 exitu
876 773 1013 860 quietem
1037 780 1179 860 qualem·

157 921 282 985 cunque
307 896 464 972 inveniat,
493 911 621 956 servans
648 910 725 955 vero
747 890 865 973 ubique
886 888 1007 953 unitate
1027 911 1087 955 sua
1107 893 1179 955 uni·

157 1026 253 1078 tatem
273 1011 428 1074 carminis.
470 1008 514 1071 Ut
532 1026 598 1069 uno
614 1009 714 1071 verbo
730 1004 901 1068 describam
920 1017 1024 1069 totum
1041 1028 1178 1089 cursum,

157 1131 272 1213 quercla
291 1127 405 1189 exordii
421 1128 521 1185 transt
541 1127 570 1183 in
590 1134 723 1185 cerasum
743 1121 855 1183 utendi
875 1125 1033 1198 miserium,
1060 1135 1178 1185 couotm

155 1247 214 1303 eaca't
232 1247 261 1301 in
281 1243 403 1322 requiem
424 1258 562 1297 aurariam
583 1237 813 1317 qualemcunque.
854 1231 1026 1297 Videamus
1047 1236 1178 1315 singula.

155 1355 297 1417 Primum
317 1354 415 1413 affero
436 1368 530 1410 carm.
544 1348 584 1425 ll,
595 1346 626 1409 4.
667 1345 809 1409 Nemesis
824 1343 1036 1409 indissolubili
1049 1346 1175 1411 vinculo

156 1477 281 1547 ceperat
301 1464 480 1536 Tibullum,
510 1456 567 1520 sed
593 1457 675 1520 male
702 1461 839 1522 habebat
864 1460 948 1522 lustu
975 1481 1017 1522 ex
1044 1463 1177 1525 avaritia

154 1576 363 1653 intolerabili,
394 1586 488 1656 atque
516 1571 568 1633 hic
596 1591 705 1633 sensus
735 1572 855 1636 servitii
882 1572 1057 1652 durissimi,
1090 1594 1175 1637 nuuc

155 1693 293 1774 primum
309 1687 413 1754 vivido
432 1701 598 1770 penetrans
618 1689 777 1763 animum,
795 1700 840 1750 est
858 1690 988 1751 affectus
1007 1689 1175 1770 primarius

155 1805 317 1874 carminis,
344 1798 432 1884 quod
451 1800 619 1864 vehemens
642 1812 673 1862 et
693 1799 896 1880 iracundum,
925 1803 1064 1865 maximo
1087 1814 1174 1865 motu

155 1917 252 1980 animi
280 1914 496 1996 desperatione
526 1914 649 1976 oborto.
698 1912 809 1975 Prodit
832 1927 928 1977 status
948 1915 996 1978 rei
1016 1915 1121 1977 statim
1140 1914 1175 1975 in

155 2029 304 2109 exordio,
334 2043 370 2092 ut
389 2050 448 2110 par
470 2040 531 2105 est,
561 2030 618 2090 ubi
643 2029 838 2091 lamentabili
864 2031 1007 2092 oratione
1031 2028 1176 2113 queritur

153 2144 326 2221 miseriam,
353 2144 389 2204 in
411 2163 473 2224 qua
493 2153 648 2204 versatur.
690 2142 774 2204 Tum
792 2143 826 2203 in
849 2141 952 2207 medio
975 2143 1114 2205 carmine
1134 2139 1176 2202 ad

154 2277 262 2319 causas
291 2266 321 2316 et
350 2255 455 2316 sontes
481 2254 625 2317 miseriae
654 2251 736 2316 redit
764 2257 909 2338 quercla,
943 2269 975 2319 et
1002 2254 1175 2321 detestatum

153 2373 316 2436 avaritiam
345 2382 375 2431 et
403 2370 564 2432 luxuriam
590 2373 778 2452 puellarum.
824 2373 924 2451 Igitur
950 2392 1035 2445 nunc
1063 2372 1173 2434 crescit

153 2497 272 2561 motus,
293 2483 438 2546 veniente
459 2483 507 2544 ira
529 2496 559 2545 et
580 2483 812 2564 indignatione:
835 2507 929 2549 avara
947 2487 1053 2567 puella
1074 2498 1123 2548 est
1144 2497 1176 2548 et

153 2599 291 2661 carmina
312 2597 392 2658 nihil
413 2608 563 2675 prosunt,
584 2596 736 2659 iubentur
755 2601 867 2679 procul
886 2601 933 2661 ire
947 2599 1061 2661 Musae
1076 2598 1176 2661 inuti·

152 2716 215 2790 les3
239 2723 332 2773 erunt
351 2721 462 2790 poetae
481 2731 540 2789 per
560 2709 624 2771 vim
645 2707 725 2772 adeo
744 2710 828 2774 dona
846 2711 1036 2794 quaerenda,
1057 2714 1174 2797 quibus

152 2825 321 2887 satisfaciat
346 2824 503 2886 avaritiae.
554 2822 618 2887 Sed
640 2823 715 2887 dum
744 2827 787 2889 sic
815 2825 949 2888 ostendit
977 2840 1009 2889 et
1038 2830 1175 2909 exagitat

152 2939 338 3020 pravitatem
356 2936 502 2998 avaritiae
523 2936 633 3015 limus,
654 2939 749 3017 magis
770 2939 863 3000 etiam
879 2938 1022 3001 irritatur
1039 2943 1173 3021 animus,

153 3053 299 3116 dicuutur
314 3052 377 3113 iam
395 3054 624 3115 exsecrationes
642 3053 820 3116 auctoribus
838 3055 984 3118 luxurias
1000 3070 1032 3120 et
1048 3060 1173 3140 puellae

152 3188 263 3232 avarae
282 3167 353 3247 ipsi,
374 3167 518 3246 opposita
534 3171 715 3232 mollissima
730 3168 822 3232 laude
838 3173 1003 3249 bonarum,
1022 3186 1059 3236 ut
1073 3174 1175 3237 aculei

150 3282 263 3346 lortius
283 3293 435 3362 pungant.
483 3280 587 3365 Atque
609 3282 654 3344 ita
673 3280 760 3346 vides
784 3298 855 3364 post
877 3289 1037 3367 querelam
1059 3287 1174 3350 introi·

150 3408 201 3457 tus
228 3394 365 3457 vividam
390 3394 469 3458 duos
496 3418 596 3462 novos
624 3398 738 3479 gratim
764 3401 825 3462 sibi
847 3400 1011 3464 succedere
1041 3401 1173 3467 affectus

151 3507 290 3570 eiusdem
311 3510 461 3572 continuo
479 3513 654 3573 crescentis.
697 3510 760 3575 sed
779 3535 866 3577 nunc
880 3527 1009 3580 revocat
1024 3535 1059 3578 se
1077 3531 1173 3598 poete

59 3612 63 3618 ’
150 3626 191 3685 ab
212 3626 270 3685 hac
291 3623 453 3687 iracundia
474 3648 531 3709 per
550 3631 755 3690 mutationem
771 3630 956 3707 sententiae,
978 3630 1071 3693 aliter
1086 3632 1174 3695 enim

149 3738 235 3802 tium
260 3740 321 3800 hoc
351 3760 474 3801 carmen
504 3759 570 3800 non
598 3752 738 3820 poterat,
769 3755 800 3804 et
825 3743 978 3807 submittit
1006 3762 1040 3805 se
1069 3755 1174 3807 totum

149 3855 304 3919 voluutati
333 3856 456 3936 puellae
464 3890 483 3931 ‚·
512 3866 639 3934 paratus
671 3857 776 3917 omnia
807 3857 894 3940 quod
922 3858 999 3921 velit
1026 3856 1173 3922 Nemesis

149 3969 252 4030 lacere
280 3981 311 4031 et
338 3969 422 4048 pati,
455 3966 481 4029 si
507 3965 602 4029 modo
628 3969 740 4033 faveat.
782 3969 833 4032 Sic
855 3969 991 4053 denique
1016 3971 1173 4054 obsequio

151 4098 347 4143 commovero
377 4078 495 4157 stridet,
526 4102 620 4162 quam
641 4095 713 4145 auto
736 4084 931 4146 vehementia
954 4083 1087 4146 allectus
1109 4097 1172 4146 ter·
1218 4122 1221 4129 ·

148 4203 265 4253 ruerat.
306 4194 479 4255 Veniamus
500 4193 540 4255 ad
562 4217 686 4258 carmen
708 4200 754 4275 ΙΙ,
776 4205 808 4261 6.
848 4197 1006 4260 Duritiam
1025 4197 1172 4263 Nemesis

149 4317 242 4383 poeta
262 4305 376 4367 iterum
398 4305 521 4370 flectere
549 4324 697 4391 conatur,
729 4309 784 4375 sed
804 4331 890 4374 nuuc
909 4309 1009 4374 flebili
1031 4313 1171 4377 maxime
