2468 4838
139 638 179 676 nu
553 616 609 679 DE
632 612 752 680 POESI

141 808 250 859 tenere
272 792 342 858 sinu
365 791 519 871 detinere,
540 793 655 857 teneris
675 795 810 858 retinere
830 796 972 874 lacertis„
994 795 1073 880 quid
1095 799 1164 860 tali·

143 912 203 973 bus
233 910 338 975 verbis
365 904 597 972 verecundius?
640 905 721 969 Sunt
750 907 869 991 aliquid
898 908 1164 993 quemadmodum

144 1021 229 1107 apud
249 1025 340 1101 alios,
369 1025 412 1086 sic
434 1023 517 1106 apud
538 1024 700 1086 Tibullum
721 1026 897 1106 voluptates
927 1027 1085 1108 corporis,
1109 1025 1164 1088 sed

143 1158 299 1222 nusquam
329 1138 386 1198 has
414 1136 548 1200 Veneris
580 1137 755 1218 voluptates
789 1139 823 1199 in
858 1140 1005 1219 amplexu
1039 1142 1162 1220 puellae

142 1271 216 1313 strue
245 1264 407 1334 perceptas
438 1250 584 1314 describit
613 1265 642 1314 et
672 1254 771 1329 cauit,
799 1274 900 1335 neque
930 1255 995 1315 ullu
1019 1264 1163 1335 tempore

141 1366 184 1428 sic
214 1378 250 1429 ut
277 1366 460 1447 Propertius
490 1377 542 1426 aut
568 1362 699 1429 Ovidius
724 1364 847 1428 deditus
875 1368 936 1429 suit
960 1365 1102 1447 libidini3
1132 1381 1162 1432 at

141 1479 253 1544 foedus
281 1498 419 1562 perenne
450 1481 532 1542 vitae
560 1478 727 1542 ridebatur
755 1480 785 1541 ei
816 1498 883 1543 esse
912 1478 1027 1544 debere
1055 1504 1162 1548 anter:

140 1594 247 1659 vivere
268 1611 340 1654 eum
362 1603 464 1653 amatu
484 1590 614 1673 placide,
634 1592 831 1675 requiescere
854 1612 962 1656 secure
983 1596 1016 1657 in
1038 1598 1161 1659 lacertis

142 1704 218 1785 eius,
239 1704 387 1787 adspectu
406 1717 437 1766 et
455 1725 515 1766 usu
535 1704 603 1775 eius
624 1705 689 1767 frui
709 1706 777 1767 sine
798 1706 890 1769 rivali
909 1707 943 1768 in
965 1704 1161 1789 simplicitate

141 1834 173 1883 et
194 1820 413 1905 aequabilitate
438 1820 596 1882 inturbata
623 1813 721 1896 vitae,
752 1821 813 1881 hoc
841 1808 1031 1883 desiderium
1063 1835 1098 1883 ut
1126 1824 1160 1883 in

140 1935 330 1996 carminibus
351 1929 392 1993 ad
412 1933 537 1994 Deliam
558 1953 756 2014 expressum,
777 1933 821 1995 ita
843 1934 972 1997 omnino
994 1936 1075 1997 nibil
1093 1956 1160 1998 ruu-

140 2050 185 2129 gis
209 2047 432 2111 Tibullianum.
481 2048 563 2109 Hinc
584 2051 617 2110 iu
640 2069 733 2109 curm.
755 2048 809 2125 lV,
837 2053 902 2143 ¹321
935 2046 1023 2130 quod
1046 2047 1160 2129 Glyce-

138 2183 201 2238 rae,
221 2158 257 2224 u't
278 2160 425 2242 suspicati
444 2180 561 2239 sumus,
580 2162 730 2241 scriptum
750 2161 784 2220 in
803 2159 925 2222 schedis
945 2162 1064 2237 mortui
1083 2182 1159 2242 poe·

138 2287 188 2337 tae
205 2285 365 2356 repertum
381 2285 436 2351 est,
456 2271 562 2335 videas
579 2272 709 2335 eandem
726 2274 909 2334 sententiam
930 2275 1053 2354 egregio
1069 2279 1157 2339 loco:

224 2391 274 2452 Tu
297 2389 374 2450 milri
396 2408 542 2451 curarum
561 2389 704 2471 requies,
726 2401 758 2450 tu
782 2400 872 2449 uncte
898 2390 949 2452 vel
968 2401 1038 2451 ntra

266 2503 405 2578 Lumen,
425 2515 457 2564 et
477 2503 511 2562 in
536 2502 609 2564 solis
633 2515 666 2564 tu
689 2504 766 2563 mihi
788 2505 881 2566 turba
904 2503 989 2566 locis.

223 2615 273 2677 Sic
295 2636 351 2695 ego
372 2615 497 2678 secretis
519 2635 647 2696 possum
670 2618 751 2679 bene
775 2618 881 2681 vivere
903 2619 999 2697 siluis,

265 2728 337 2806 Qun
358 2733 444 2792 nulla
467 2733 605 2793 luuuuno
628 2732 668 2792 sit
689 2733 739 2794 via
760 2733 834 2793 trita
857 2731 949 2814 pede.

137 2851 174 2910 ln
197 2867 261 2928 quo
285 2845 364 2906 milri
383 2845 536 2925 imprimis
563 2848 757 2926 praeclarum
778 2845 857 2908 illud
877 2846 1010 2911 dictumt
1040 2860 1072 2909 tn
1090 2850 1161 2910 miri

138 2982 273 3023 curarum
296 2964 413 3042 requies,
436 2962 577 3037 observa,
599 2959 686 3043 quod
710 2963 863 3025 eiusmodi
884 2978 931 3028 est
951 2977 988 3027 ut
1008 2984 1075 3027 non
1097 2985 1158 3046 po·

137 3078 232 3139 tuerit
253 3075 372 3138 felicius
395 3076 528 3157 exprimi
546 3097 622 3140 vera
642 3090 672 3140 et
693 3077 803 3140 intima
823 3081 903 3142 ratio
924 3080 1056 3156 amoris,
1076 3102 1157 3163 qua-

135 3193 198 3253 lem
220 3191 365 3253 Tibullus
391 3192 591 3272 sequebatur.
641 3193 676 3253 In
702 3197 808 3254 ameris
834 3215 887 3253 suu
905 3193 974 3254 solui
989 3192 1157 3255 uidebantur

136 3314 164 3368 ei
182 3327 275 3368 omues
296 3326 400 3382 curae,
429 3317 535 3366 sanata
555 3317 636 3366 eraut
659 3306 817 3381 desideria,
845 3306 961 3367 sublata
980 3305 1157 3369 &cumdio

132 3424 253 3500 pectoris
274 3421 403 3499 quaevis,
423 3428 449 3476 et
470 3417 512 3475 ad
527 3417 712 3497 placidibrem
731 3429 837 3478 statum
858 3423 1023 3498 compositus
1043 3423 1157 3480 anim

126 3530 282 3612 sinebatur
301 3535 374 3589 intus
397 3551 525 3591 summae
536 3530 681 3611 felicitatis
703 3554 794 3594 setun.
837 3531 917 3594 Cum
943 3545 1048 3596 autem
1068 3536 1156 3597 simi·

134 3648 172 3708 lis
193 3646 233 3708 sit
254 3643 363 3706 rustici
387 3644 443 3706 otii
464 3646 680 3728 tranquillitas,
703 3648 802 3709 libera
826 3647 1005 3725 ambitione,
1032 3646 1156 3732 cupidi·

134 3761 258 3836 tatibus,
281 3759 381 3821 turbis
396 3758 536 3819 urbanae
558 3757 647 3836 vitae,
668 3759 868 3841 perspicuum
888 3772 934 3823 est
954 3780 1012 3823 eur
1032 3773 1157 3825 utrum·

54 3906 56 3910 ·
135 3893 196 3955 que
220 3887 284 3935 tam
305 3885 389 3935 arcte
405 3872 607 3934 coniunctum
628 3875 668 3934 sit
687 3875 721 3934 in
740 3877 799 3936 liae
823 3875 920 3957 poesi,
944 3885 979 3937 ut
998 3872 1157 3941 videmus.

135 3984 198 4048 Sed
221 4008 285 4049 uon
309 3988 472 4070 capiebant
495 3988 575 4052 hanc
596 3987 728 4052 idealem
749 3992 814 4053 vim
835 3991 950 4053 amoris
971 4002 1002 4052 et
1022 3988 1156 4056 ditiores

135 4113 287 4163 amatores
319 4105 538 4185 praeferebant
570 4104 709 4186 puellae,
746 4126 824 4188 quas
856 4101 978 4187 perdite
1010 4107 1155 4169 amabata

135 4212 219 4275 unde
249 4216 365 4279 lactum
392 4232 427 4280 ut
453 4219 520 4300 ipse
549 4220 641 4281 etiam
665 4221 760 4299 magis
789 4220 947 4302 magisque
975 4219 1156 4299 voluptates

136 4327 258 4405 lcrgaces
276 4344 454 4412 quaereret,
486 4333 541 4415 qui
562 4335 643 4397 vitae
664 4334 780 4398 sociam
803 4354 868 4397 nou
885 4330 1074 4412 invenisset,
1103 4333 1155 4394 in·
