2468 4838
487 614 672 682 TlBULLl.
978 643 1088 685 cxxt'u

144 784 210 851 Sed
232 786 366 849 Veneris
388 798 462 853 tttuc
484 789 567 855 bella
586 793 700 867 calent,
720 790 894 875 scissosque
915 794 1043 875 capillos

186 904 318 967 Femina
338 904 511 985 perlrectss
533 908 799 992 conqueriturque
824 910 919 975 iores.

144 1077 208 1141 Sed
229 1075 348 1141 nitidus
366 1079 561 1165 pulcherque
582 1082 672 1146 reni:
702 1102 787 1143 nuno
807 1081 903 1147 indue
923 1097 1037 1150 restem

186 1194 381 1277 sepositam,
406 1198 515 1279 longas
536 1219 621 1261 nunc
642 1200 724 1260 bene
745 1211 833 1280 pecte
854 1220 968 1264 comus.

142 1368 237 1434 caua
257 1373 381 1452 placent
402 1373 539 1454 superis:
563 1394 645 1454 pura
666 1396 737 1437 cum
756 1389 842 1439 veste
865 1379 968 1441 venite

183 1482 225 1547 Et
244 1484 390 1571 manibus
410 1486 499 1569 puris
520 1486 632 1550 suntite
653 1488 749 1551 lontis
771 1510 897 1573 aquam.

52 1621 200 1687 sublicio
224 1645 311 1688 nunc
339 1622 579 1716 conditionales,
606 1626 730 1706 finales,
757 1630 909 1709 caueales,
933 1630 1077 1695 relativae

51 1735 244 1815 sententias,
267 1736 324 1799 ubi
344 1738 494 1819 bipartita
511 1740 663 1803 alterutra
682 1762 775 1823 pars:

141 1864 231 1925 llaec
252 1862 308 1925 ubi
327 1862 478 1925 Bellonae
497 1877 586 1928 motu
606 1877 652 1928 cst
673 1868 801 1947 agitata,
833 1889 890 1931 nec
911 1882 1013 1934 ocrem

185 1976 359 2039 Flammam
366 2019 377 2054 ,
398 1997 463 2039 non
485 1997 593 2040 amens
613 1982 745 2043 verbera
767 1992 849 2044 tortu
871 1983 967 2045 timet.

138 2148 242 2233 Saepe
263 2151 318 2213 ubi
335 2171 402 2215 nox
420 2151 574 2233 promissa
589 2151 669 2217 milti
689 2165 747 2229 eet,
769 2155 917 2234 languere
937 2162 1073 2239 puellam

180 2264 317 2329 Nuntiat
336 2278 392 2328 aut
411 2266 531 2351 aliquae
551 2268 732 2330 extimuisse
756 2270 867 2331 minas.

138 2444 178 2505 lit
200 2441 228 2505 ei
251 2438 327 2526 quid
348 2462 491 2524 peccasse
512 2453 621 2524 puter,
651 2439 812 2525 ducarque
832 2444 951 2528 capillis

178 2556 339 2619 Immerito
360 2575 478 2639 pronas
498 2554 718 2639 proripiarque
736 2554 813 2620 vias.

135 2734 177 2797 m
198 2731 278 2795 milri
297 2729 483 2796 servandam
505 2729 629 2794 credasz
658 2751 722 2793 non
743 2749 837 2795 saeva
856 2751 967 2795 recuso

178 2848 339 2927 vetuere,
371 2846 512 2911 detracto
534 2866 600 2910 non
621 2865 679 2927 ego
699 2845 803 2911 vincla
818 2843 947 2928 pedum.

132 3024 208 3089 Non
232 3025 326 3088 labor
345 3024 397 3089 hie
418 3023 531 3105 laedit,
558 3034 675 3087 rceeret
695 3020 790 3086 modo
811 3022 905 3085 Delie
925 3035 1042 3107 postes,

176 3136 218 3202 Et
240 3151 331 3203 vocet
351 3138 390 3203 ad
409 3137 496 3223 digiti
514 3158 565 3201 me
584 3139 738 3201 taciturne
757 3157 881 3201 sonum.

133 3312 195 3377 llic
215 3314 357 3396 placatus
371 3327 453 3394 erat,
476 3334 533 3378 seu
554 3312 625 3396 quis
638 3311 790 3375 libaverat
809 3331 919 3388 urant,

175 3422 241 3489 Seu
263 3423 392 3491 dederet
411 3438 536 3491 sanctae
555 3425 659 3508 spicea
679 3435 762 3490 serte
784 3445 902 3490 comae.

133 3600 208 3667 Neu
228 3621 333 3667 comes
353 3604 401 3667 ire
423 3625 531 3686 neges,
558 3602 700 3687 quamvis
719 3603 771 3666 via
788 3604 882 3685 longa
901 3614 1046 3686 paretur,

175 3712 217 3779 Et
240 3694 337 3780 lienis
357 3719 459 3782 arenti
479 3729 596 3783 torreat
618 3737 694 3781 arva
713 3716 775 3779 siti.

134 3890 197 3954 lsts
216 3890 296 3954 haee
312 3891 480 3975 persuadet
499 3895 610 3973 iacies,
638 3912 781 3976 auroque
801 3892 932 3955 lacertos

176 4003 304 4069 Vincist
327 4019 359 4068 et
377 4005 477 4091 Tyrio
497 4004 632 4090 prodeat
651 4017 725 4087 apte
746 4004 827 4068 sinu.

523 4122 595 4139 ψ

134 4181 216 4243 Tum
238 4182 349 4264 procul
370 4183 493 4263 absitis,
517 4183 659 4267 quisquis
681 4182 755 4247 colit
775 4191 841 4244 orte
863 4178 1007 4261 capillos,

178 4294 219 4355 Et
240 4295 309 4358 lluit
329 4296 427 4361 effuso
454 4299 503 4360 cui
523 4310 595 4379 toga
613 4300 686 4363 laxa
714 4299 795 4359 sinu.
