2468 4838
484 556 667 624 TIBULLI.
1035 595 1087 637 χω

61 745 123 811 quo
151 747 328 811 nunquam
351 746 418 791 uon
446 731 623 810 argumenti
641 729 723 796 ratio
746 736 988 822 considerande3
1017 763 1089 808 uam

60 855 95 906 ut
122 864 155 907 v.
176 863 209 905 c.
234 844 344 906 thema
373 844 459 908 aliud
486 845 582 910 habet
610 850 727 911 erotica
757 852 869 934 elegia,
900 854 987 919 eliud
1010 857 1089 920 letto

61 956 209 1037 religioso
232 979 319 1041 qnae
338 958 455 1041 scripta
476 960 682 1042 celebrando,
708 964 866 1029 nicetium
888 946 999 1033 divisio
1022 970 1091 1033 the·

62 1071 154 1133 matis
172 1073 346 1136 obseruare
361 1071 454 1136 debet
468 1072 647 1137 discrimina
663 1098 783 1140 rerum.
823 1082 927 1163 Atque
944 1082 978 1143 iu
994 1079 1089 1149 Com·

48 1184 229 1284 'montariis
250 1187 368 1252 nostris
393 1188 587 1253 introductio
611 1192 758 1255 carminis
782 1195 932 1278 cuiusque
952 1197 1090 1278 primum

64 1298 106 1362 de
128 1312 212 1364 statu
233 1322 343 1371 rerum
370 1304 536 1383 (Sr'tuatr'uu)
564 1308 713 1390 exponit,
743 1321 812 1371 tum
833 1311 1091 1392 compositionem

66 1418 214 1499 explicet.
257 1417 322 1483 Sed
343 1421 505 1483 veniemus
532 1419 572 1483 ad
593 1443 678 1499 rem,
708 1435 739 1484 et
761 1444 832 1485 cum
854 1423 1017 1506 dispositio
1039 1447 1090 1487 an

65 1532 208 1610 gumenti
228 1536 369 1615 apertior
388 1535 422 1596 in
442 1539 618 1601 minoribus
640 1539 681 1600 sit
702 1539 823 1618 elegiis,
846 1538 973 1602 initium
994 1541 1089 1603 iacie-

65 1665 137 1708 mus
157 1648 198 1708 ab
218 1648 284 1727 luis,
306 1654 505 1732 progressuri
525 1650 637 1716 deinde
654 1652 693 1715 ad
712 1656 867 1716 maiorum
890 1656 1091 1737 compositio·

66 1781 146 1824 num
175 1763 427 1844 explicationem.
476 1764 558 1829 Sunt
584 1789 664 1831 vero
691 1769 743 1829 hic
769 1767 910 1830 natalitia
936 1770 1090 1831 nonnulla

65 1874 274 1956 perpulchra,
301 1875 387 1941 unde
408 1878 570 1942 commode
591 1879 833 1961 proficiscemur.

124 1989 233 2068 igitur
260 1989 290 2051 si
319 1991 417 2053 uteris
448 1992 639 2055 solemnibus
673 1993 821 2056 natalitiis
854 1989 894 2055 ad
930 1989 1090 2054 iaciendas

68 2100 206 2164 carmine
232 2122 343 2184 preces
369 2114 400 2166 et
423 2116 497 2169 vota
520 2126 580 2186 pro
608 2106 755 2168 felicitate
784 2116 840 2168 tun
867 2118 921 2168 aut
946 2105 1089 2183 aliorum,

68 2238 126 2298 pro
148 2239 259 2282 amora
287 2219 340 2284 vel
362 2219 500 2300 coniugii
527 2220 710 2298 stabilitate,
740 2242 800 2302 pro
826 2223 922 2283 rebus
948 2219 1089 2300 gerendis

69 2347 100 2396 et
123 2354 207 2416 qrrae
235 2346 310 2397 snut
335 2333 413 2412 alia,
443 2333 519 2418 quid
543 2334 655 2397 melius
678 2354 748 2414 agas
772 2355 866 2416 wem
893 2346 930 2395 ut
950 2333 1090 2417 sequaris

68 2451 228 2512 usuuues
242 2459 331 2512 actus
345 2445 441 2512 festi?
483 2448 625 2514 Exordio
640 2450 837 2512 nuntiabitur
853 2450 977 2526 festum,
997 2469 1091 2529 prae·

69 2564 234 2645 parabitur
248 2561 442 2643 sacrificium,
459 2564 624 2627 vocabitur
637 2564 757 2625 Genius
770 2561 812 2626 ad
826 2562 910 2625 doua
923 2557 1089 2643 capienda3

69 2675 209 2741 medium
230 2688 357 2741 carmen
377 2697 485 2758 preces
511 2677 595 2758 ipsas
622 2677 751 2738 habebit
774 2697 835 2756 pro
862 2696 899 2738 eo
926 2672 1013 2758 quod
1035 2696 1091 2736 ex-

69 2793 165 2874 petis,
194 2792 298 2855 exitus
321 2804 425 2854 antem
447 2804 594 2856 eventum
617 2812 746 2874 precum
775 2791 913 2854 faustum
937 2790 1091 2870 tractabit,

71 2925 154 2969 nuuc
172 2905 309 2988 repetita
329 2905 527 2968 invocatione
549 2904 616 2983 dei,
644 2917 680 2967 ut
700 2916 768 2968 rata
789 2904 866 2966 fiant
887 2917 977 2981 vota,
1006 2925 1090 2966 nuuc

72 3022 176 3084 omine
203 3042 246 3083 ex
274 3020 424 3084 sacrificio
453 3032 561 3102 capto,
601 3017 686 3081 unde
714 3039 785 3100 spes
820 3019 965 3097 effulgent
995 3018 1091 3093 bona,

71 3155 154 3197 nunc
176 3136 271 3199 aliter
295 3137 490 3200 conformata
512 3136 547 3195 in
573 3134 657 3195 hunc
679 3133 773 3196 hem
795 3133 904 3194 ultima
929 3130 1092 3192 sententia.

72 3244 120 3310 sie
141 3247 316 3335 indictione
339 3249 427 3327 festi,
458 3249 655 3330 precatione,
685 3259 814 3310 eventus
841 3265 895 3325 spe
917 3244 1015 3306 felicis
1037 3245 1092 3305 ab·

73 3360 208 3425 soluitur
227 3363 288 3424 rite
309 3374 423 3424 totum.
464 3364 531 3425 lam
551 3360 623 3425 uide
645 3362 797 3442 exempla.
839 3361 877 3422 ln
895 3358 992 3439 elegia
1006 3359 1046 3434 ll,
1061 3363 1094 3418 2.

73 3476 187 3557 scripta
206 3475 244 3538 in
263 3475 376 3557 primis
395 3489 467 3556 post
487 3476 612 3555 nuptiae
633 3474 782 3535 natalitiis
804 3472 961 3550 Cerinthi,
989 3484 1026 3534 ut
1046 3471 1092 3534 vi·

76 3588 182 3669 detur,
217 3592 281 3654 boo
308 3593 410 3670 agitur
439 3602 476 3653 ut
509 3590 586 3652 felix
613 3592 653 3653 sit
680 3591 867 3669 coniugium.
925 3591 1029 3671 Atque
1057 3586 1092 3648 in

77 3705 204 3772 exordio
233 3705 384 3771 indicitur
409 3727 533 3770 sacrum
560 3719 589 3768 et
612 3719 742 3770 vocatur
763 3706 900 3780 Genius,
928 3703 961 3763 in
988 3698 1092 3762 medio

78 3821 211 3883 carmine
232 3832 309 3887 vota
332 3822 438 3884 mariti
457 3832 630 3883 tractantur
649 3841 708 3901 pre
730 3818 793 3882 fido
815 3836 923 3881 aurore
945 3815 1093 3894 coniugis,

79 3936 176 4000 exitus
204 3933 343 4019 denique
370 3949 437 3998 rata
466 3936 544 3999 haec
571 3948 647 3999 tota
674 3935 743 3997 iore
772 3933 907 3995 affirmat
927 3953 968 3993 ex
990 3929 1092 3993 omine

79 4050 189 4115 lausto.
231 4049 337 4113 Sentis
363 4050 457 4130 igitur
482 4047 596 4111 deduci
623 4048 764 4110 sumtum
786 4067 845 4128 per
866 4046 926 4107 tria
947 4043 1094 4107 continue

80 4176 244 4241 momenta,
267 4182 404 4247 quorum
424 4162 648 4245 compositione
664 4162 794 4243 pulchre
815 4158 967 4222 efficiatur
982 4169 1094 4222 totum.

82 4276 151 4340 lion
171 4280 310 4342 multum
329 4274 434 4339 differt
452 4277 534 4340 ratio
555 4278 698 4341 carnibus
719 4277 773 4352 ll‘,
792 4281 837 4349 6.,
870 4273 955 4358 quaed
976 4271 1016 4336 ad
1041 4273 1094 4337 lu·
