2468 4838
489 582 673 649 TIBULLI.
1031 611 1094 654 axv

62 756 196 820 marium
230 755 397 849 affectum!
412 752 446 816 in
482 754 619 819 carmine
654 775 811 820 summum
847 766 879 818 et
905 768 1090 821 ceterorum

60 870 204 933 omnium
226 869 368 931 fontem:
396 865 450 930 sed
480 866 548 928 aliis
578 868 612 930 in
641 869 745 947 elegiis
771 871 954 933 sententiam
983 885 1088 933 tamen

61 1006 219 1050 summam
247 983 419 1065 appellabis
441 986 573 1061 rectius,
603 983 660 1045 ubi
687 982 757 1046 idea
786 984 938 1067 quaedam
966 987 1088 1066 poetica

60 1110 166 1162 ments
193 1098 367 1159 informata
394 1098 601 1180 proponitur,
630 1111 667 1161 ut
696 1099 731 1160 in
760 1098 862 1180 prima
890 1101 988 1179 elegis
1014 1101 1089 1162 libri

61 1212 158 1298 primi
191 1213 323 1276 felicitas
352 1212 463 1277 idealia
491 1215 574 1279 vitae
606 1214 725 1277 otiome
754 1233 830 1277 rure
861 1228 892 1277 et
920 1217 954 1277 in
983 1237 1088 1279 amora

62 1325 222 1407 agendae,
250 1327 285 1388 in
306 1326 437 1407 septima
457 1327 557 1405 moria
577 1327 747 1404 Messalae,
781 1328 815 1388 in
836 1329 938 1410 prima
960 1328 1089 1393 secundi

62 1460 189 1503 sacrum
211 1441 399 1503 ambarvale.
439 1439 570 1501 Minime
596 1450 701 1499 tamen
729 1437 872 1502 existimo
901 1440 981 1501 nihil
1009 1441 1089 1504 vivi·

61 1553 190 1617 diorum
211 1573 360 1616 sensarum
386 1552 421 1614 in
446 1552 502 1615 tali
527 1554 625 1634 elegia
648 1574 732 1634 esse,
765 1576 840 1617 nam
865 1557 933 1618 sine
955 1556 1021 1633 his,
1052 1568 1086 1619 ut

63 1668 142 1748 (lixi,
163 1672 253 1731 nullu
272 1669 364 1732 facile
383 1670 480 1748 elegia
501 1669 549 1746 sit,
570 1668 625 1731 sed
644 1690 685 1730 ex
707 1671 854 1734 universa
873 1674 996 1735 ratione
1018 1693 1086 1733 car-

63 1785 159 1848 minis
178 1785 224 1846 sie
243 1796 280 1846 ut
292 1782 430 1848 indicavi
444 1786 566 1866 appello
583 1785 778 1847 sententiam.
819 1785 925 1867 Atque
940 1786 985 1847 ita
1001 1783 1087 1868 quod

63 1898 236 1979 generatim
255 1898 362 1960 thema
381 1898 526 1959 carminis
549 1915 639 1972 voco,
661 1897 787 1978 speciali
808 1898 935 1960 nomine
957 1917 1017 1979 pro
1034 1917 1087 1958 ra·

63 2010 151 2075 tione
172 2011 351 2092 argstmenti
369 2032 454 2072 nunc
475 2011 627 2073 sententia
647 2032 731 2074 nrrnc
746 2013 876 2099 affectus
898 2035 917 2074 a
937 2032 989 2073 me
1009 2010 1087 2075 dici·

63 2138 126 2189 tur.
165 2125 320 2189 Similiter
340 2128 374 2190 in
396 2128 464 2190 aliis
484 2129 652 2208 generibus
673 2147 804 2209 poeseos
825 2149 876 2191 res
898 2130 1010 2191 habet:
1033 2142 1086 2191 aut

63 2263 159 2305 sensu
187 2253 219 2305 et
248 2244 363 2306 affectu
384 2241 522 2326 quodam
544 2244 744 2325 praevalente
766 2242 945 2303 continetur
966 2261 1087 2302 summa

64 2360 228 2440 mennatis,
249 2357 395 2420 antidea
416 2357 552 2440 qrradam
571 2359 623 2423 vel
646 2357 800 2420 sententia
820 2357 933 2436 ideali;
955 2379 990 2419 ac
1011 2358 1088 2419 Pin·

64 2472 133 2538 dari
152 2473 293 2556 epinieiis
310 2475 436 2556 hymnis
456 2475 624 2538 sententias
638 2474 753 2538 ideales
775 2473 897 2538 ostendi
914 2475 1086 2538 subiectas:

64 2607 137 2649 cum
156 2589 242 2650 enim
262 2590 297 2651 in
317 2588 411 2651 laude
434 2590 590 2653 victorum
612 2594 671 2653 ista
691 2593 796 2672 poesis
822 2602 981 2668 versetur,
1010 2611 1086 2672 pro·

62 2701 196 2782 ponitur
214 2722 300 2765 nunc
319 2704 443 2766 virtualis
459 2724 543 2764 nunc
561 2703 716 2765 felicitatis
737 2703 839 2765 forma
859 2700 968 2764 idealis
989 2723 1087 2784 quae·

65 2810 152 2892 dam,
173 2835 231 2876 nec
252 2815 357 2897 potuit
377 2816 480 2877 iacere
504 2818 593 2878 aliter
614 2817 745 2878 sublime
767 2816 929 2896 ingenium
949 2813 1089 2879 Pindari.

62 2928 177 3009 Neque
198 2948 275 2991 vero
298 2948 379 3010 epus
402 2941 448 2990 est
468 2941 503 2990 ut
523 2929 675 3010 simplicia
697 2941 728 2991 et
748 2927 912 2993 individua
934 2929 997 2991 sint
1016 2929 1086 2990 the·

63 3052 147 3103 matu
168 3053 369 3122 poematum:
399 3063 472 3104 num
496 3041 581 3121 apud
602 3041 764 3104 Tibullum
785 3040 912 3125 quidem
933 3041 967 3102 in
985 3040 1088 3122 prima

64 3163 162 3242 elegia
182 3163 258 3224 libri
284 3162 381 3245 primi
408 3162 608 3244 oppositione
629 3159 704 3221 belli
725 3172 756 3221 et
776 3160 886 3222 inertis
907 3161 989 3223 vitae
1011 3180 1087 3221 cons

63 3288 124 3339 stat
151 3296 274 3340 summa
302 3279 473 3357 sententia,
502 3273 767 3361 quemadmodum
793 3275 828 3337 in
856 3272 993 3353 decimn;
1025 3275 1087 3336 alio

63 3387 161 3453 modo
181 3389 216 3451 in
242 3392 320 3470 eleg.
341 3392 381 3468 11,
406 3396 437 3453 5.
466 3401 619 3452 concentu
641 3386 774 3450 duarum
795 3409 903 3452 rerum
926 3391 1088 3470 componi·

63 3516 116 3567 tur
136 3516 372 3585 argumentum,
396 3518 432 3568 ut
451 3507 610 3588 plerisque
631 3506 664 3566 in
686 3502 835 3585 Epiniciis
856 3501 986 3566 Pindari
1007 3501 1087 3564 duo·

63 3641 135 3683 rum
164 3623 382 3685 membrorum
413 3621 596 3682 harmonica
623 3619 850 3702 compositione
879 3617 1014 3680 conflata
1043 3629 1089 3678 est

63 3752 185 3797 samma
201 3733 367 3796 sententia.
408 3732 459 3796 Ad
480 3731 565 3796 aliud
583 3752 693 3814 pergo.
735 3731 876 3809 Quaeras
895 3731 980 3792 enim
996 3731 1089 3790 etiam

63 3844 156 3927 illud,
177 3846 349 3911 consilium
371 3846 517 3909 carminis
539 3850 631 3931 quale
653 3845 770 3924 dicam,
792 3844 958 3907 differatne
980 3865 998 3904 a
1020 3842 1087 3903 the-

64 3973 144 4024 mate
167 3983 210 4024 an
233 3961 275 4024 sit
295 3959 390 4024 idem.
432 3961 556 4042 Nempe
578 3960 743 4022 consilium
765 3970 828 4034 est,
850 3956 900 4018 cui
921 3954 970 4017 rei
994 3953 1087 4018 desti-

63 4086 171 4139 natum
191 4073 335 4159 aliquid,
365 4088 396 4138 et
417 4079 557 4139 cernitur
577 4076 611 4137 in
633 4093 689 4151 eo,
717 4070 795 4156 quid
817 4071 939 4132 efficere
960 4083 992 4133 et
1012 4092 1088 4134 con-

63 4192 149 4274 sequi
170 4191 254 4256 velis
276 4192 408 4270 singulis
429 4194 525 4255 rebus
547 4204 579 4254 et
599 4201 677 4253 tcto.
718 4188 764 4249 Ac
793 4184 930 4267 primum
959 4183 1085 4267 quidem

62 4305 198 4385 sirsgnlae
222 4323 277 4368 res
299 4303 334 4364 in
359 4309 497 4367 carmine
520 4325 627 4367 omnes
649 4323 721 4363 eum
744 4301 847 4378 linem,
867 4297 900 4360 id
922 4298 1086 4361 consilium

789 4436 805 4474 e
