2468 4838
636 98 810 160 l'lllliLLl.
1158 125 1227 163 ,tutu

203 273 340 331 cumina
374 274 471 352 plena
499 271 680 334 sublimium
701 293 866 353 sensuum,
898 297 1035 360 qnorum
1057 291 1159 341 tamen
1181 285 1229 341 in-

204 388 363 449 tellectum
393 387 533 471 aliquem
561 407 686 451 necesse
711 403 757 452 est
782 391 938 455 babuerit.
988 391 1123 454 Callidas
1149 405 1228 455 artes

206 504 337 565 abarum
367 503 549 585 puellarum
579 501 703 565 credam
729 507 769 567 ab
792 526 829 566 ea
854 506 985 582 alienas,
1008 526 1080 568 cum
1101 508 1230 569 Tibullo

206 619 432 698 innotesceret3
455 630 488 682 at
509 620 655 682 amabiles
677 640 782 684 mores
802 623 941 698 luerunt,
961 625 1025 687 sive
1048 623 1229 687 educatione

14 724 21 736 ⁶
110 798 113 809 ,
208 735 269 799 sire
294 734 360 798 alio
383 732 479 799 modo
500 735 594 817 parti.
638 736 799 815 Ingenium
822 749 890 798 erat
908 738 998 815 mite;
1031 737 1177 800 saevitiae
1200 749 1231 798 et

18 868 53 893 ¹·
110 844 116 857 ’
209 851 375 932 superbiae
397 852 521 913 nullum
541 851 705 931 vestigium
728 864 838 914 exstat.
886 852 954 914 Nec
974 853 1152 927 luxuriam,
1182 853 1233 911 eui

209 966 353 1029 Nemesis
372 978 538 1049 tantopere
560 966 680 1045 dedita,
707 968 741 1028 in
765 967 815 1029 bis
837 968 940 1048 elegiis
962 966 1106 1049 queritur
1128 975 1231 1043 poeta,

209 1079 264 1144 sed
283 1081 393 1163 potius
408 1080 573 1163 probabile
596 1094 641 1144 est
663 1082 887 1163 simplicitatem
910 1081 1067 1165 quandam
1086 1080 1169 1143 vitae
1191 1097 1231 1138 ex

210 1196 330 1274 origine
345 1193 478 1275 plebeia,
500 1194 668 1276 antequam
684 1207 938 1276 corrumperetur
953 1194 1137 1256 muneribus
1154 1193 1231 1255 alio·

209 1328 293 1387 rum,
313 1309 353 1371 ab
375 1329 414 1370 aa
433 1320 597 1387 retentam,
618 1330 712 1392 quam
732 1323 805 1392 post
824 1309 958 1375 reditum
981 1331 998 1371 e
1023 1309 1163 1390 Corcyra
1182 1308 1231 1369 in·

209 1422 320 1486 venire
334 1424 408 1488 velit
423 1444 555 1507 vespere
574 1426 657 1488 inter
675 1429 800 1490 ancillas
823 1426 863 1489 ad
883 1429 1046 1489 lucernam
1065 1438 1164 1487 matre
1184 1424 1233 1487 fs·

210 1540 312 1603 bellas
337 1555 484 1607 anaante
509 1543 646 1606 scoriaco
673 1556 753 1606 caste
778 1556 961 1625 occupatam
983 1545 1109 1617 labore,
1137 1560 1232 1623 quarn

211 1658 358 1739 sperabat
385 1658 508 1739 negotia
540 1657 707 1721 domestica
737 1660 770 1721 in
802 1658 932 1741 praedio
963 1678 1022 1721 sno
1054 1668 1232 1719 curaturam

210 1770 265 1845 sic,
287 1783 324 1833 ut
345 1769 494 1833 describit
512 1770 545 1832 in
567 1773 687 1855 quima.
731 1770 857 1834 Certen
871 1772 1014 1833 Nemesis
1031 1773 1114 1832 fastu
1131 1771 1232 1831 aliena

211 1888 299 1949 irasc.
342 1886 431 1949 Talis
450 1886 517 1948 sere
536 1908 607 1950 cum
628 1884 722 1948 Delia
745 1899 836 1961 esset,
859 1885 1004 1946 Tibullus
1026 1883 1162 1965 primum
1183 1881 1218 1943 in

211 2020 324 2065 census
339 2001 571 2083 pulchritudine
595 2003 669 2079 eius,
692 2002 735 2064 sic
749 2023 817 2063 eam
836 2022 940 2063 aurare
954 2001 1066 2080 coepit,
1087 2010 1233 2080 utquam

210 2130 396 2198 perpetuam
417 2117 534 2181 sociam
554 2119 635 2180 vitae
656 2117 695 2178 etl
710 2128 843 2178 mortem
858 2117 974 2178 babere
991 2114 1107 2194 cupias.
1149 2109 1212 2187 Qut

211 2234 340 2296 mollins
363 2234 414 2296 bis
434 2234 539 2297 verbis
561 2232 586 2310 1,
610 2239 638 2309 1,
663 2238 720 2295 59:

299 2350 346 2412 Te
368 2360 521 2431 spectem,
547 2368 693 2429 suprema
714 2346 791 2409 mibi
814 2366 885 2407 cum
909 2341 1031 2407 venerit
1054 2342 1143 2418 hora,

341 2462 390 2524 Ts
408 2473 535 2523 teneam
555 2461 693 2524 moriens
714 2459 874 2523 deficiente
896 2478 1002 2520 mauu.

212 2581 259 2641 Ac
279 2576 408 2644 volebat
428 2598 515 2655 eam,
543 2589 699 2658 utsupra
725 2575 808 2652 dixi,
837 2595 897 2655 pro
927 2593 1027 2634 uxore
1050 2591 1154 2633 secum
1178 2573 1233 2632 lta-

212 2697 290 2758 bere
310 2714 399 2767 rnre,
419 2704 451 2755 ct
471 2693 592 2755 felicem
613 2693 709 2754 vitain
731 2692 792 2751 sibi
812 2688 956 2769 fingebat,
978 2688 1005 2747 si
1023 2697 1123 2746 amata
1146 2705 1223 2764 quas

211 2807 449 2871 materfamilias
471 2808 577 2870 omnia
599 2817 730 2884 curaret,
752 2800 1017 2888 quemadmodum
1033 2800 1163 2882 pulchre
1181 2798 1219 2861 tle

212 2923 324 2985 scribit
343 2922 368 2999 l,
389 2926 420 2997 ⁵,
443 2925 483 2981 21
507 2939 594 3002 sqq.:

109 3030 114 3035 ¹
300 3036 390 3099 Rura
411 3036 512 3098 colam
532 3035 722 3116 frugumque
745 3031 845 3095 aderit
865 3052 936 3094 mea
956 3028 1049 3091 Deba
1074 3041 1185 3101 custos,

344 3152 429 3213 Area
448 3146 524 3210 dum
546 3168 660 3211 messes
682 3149 747 3209 sole
770 3149 889 3209 calente
911 3156 999 3222 teret,

301 3264 366 3325 Aut
388 3262 467 3324 mibi
487 3263 624 3326 servabit
645 3262 745 3343 plenis
766 3261 798 3322 in
820 3261 967 3321 lintribus
989 3278 1076 3333 uvas,

346 3381 521 3462 Pressaque
542 3377 643 3442 veloci
664 3375 794 3438 carrelida
815 3388 917 3437 musta
938 3369 1027 3454 pede,

306 3493 498 3559 Consuescet
518 3515 684 3558 numerare
705 3513 811 3575 pecus,
833 3498 1014 3552 consuescet
1035 3485 1165 3548 amantis

349 3610 503 3674 Gssmtlus
523 3612 557 3673 in
579 3609 723 3675 dominae
745 3607 854 3671 ludere
874 3626 974 3670 verna
994 3604 1074 3666 sinu.

310 3724 365 3785 llla
385 3722 446 3788 deo
469 3726 544 3789 sciet
565 3727 716 3806 agricolae
738 3744 797 3806 pro
818 3723 934 3786 vitibus
957 3740 1059 3795 uvam,

352 3838 414 3902 Pro
437 3852 537 3920 segete
559 3842 673 3924 spicas,
695 3860 754 3922 pro
777 3858 867 3919 grege
889 3838 970 3897 ferre
993 3833 1115 3915 dapem.
