<?xml version="1.0" encoding="UTF-8"?>
<!DOCTYPE html PUBLIC "-//W3C//DTD XHTML 1.0 Transitional//EN"
    "http://www.w3.org/TR/xhtml1/DTD/xhtml1-transitional.dtd">
<html xmlns="http://www.w3.org/1999/xhtml" xml:lang="en" lang="en">
 <head>
  <title>
</title>
<meta http-equiv="Content-Type" content="text/html;charset=utf-8" />
  <meta name='ocr-system' content='tesseract 3.04.00' />
  <meta name='ocr-capabilities' content='ocr_page ocr_carea ocr_par ocr_line ocrx_word'/>
</head>
<body>
  <div class='ocr_page' id='page_1' title='image "albiitibullicar00dissgoog_0168.png"; bbox 0 0 2468 4838; ppageno 0'>
   <div class='ocr_carea' id='block_1_1' title="bbox 509 614 1100 685">
    <p class='ocr_par' dir='ltr' id='par_1_1' title="bbox 509 614 1100 685">
     <span class='ocr_line' id='line_1_1' title="bbox 509 614 1100 685; baseline 0.008 -6"><span class='ocrx_word' id='word_1_1' title='bbox 509 614 695 683; x_wconf 80' lang='lat' dir='ltr'><strong>TIBULLI·</strong></span> <span class='ocrx_word' id='word_1_2' title='bbox 1007 643 1100 685; x_wconf 77' lang='lat' dir='ltr'>sexus</span> 
     </span>
    </p>
   </div>
   <div class='ocr_carea' id='block_1_2' title="bbox 166 788 1110 987">
    <p class='ocr_par' dir='ltr' id='par_1_2' title="bbox 166 788 1110 987">
     <span class='ocr_line' id='line_1_2' title="bbox 166 788 1110 875; baseline 0.001 -20"><span class='ocrx_word' id='word_1_3' title='bbox 166 790 247 868; x_wconf 81' lang='lat' dir='ltr'>Hic,</span> <span class='ocrx_word' id='word_1_4' title='bbox 276 789 351 874; x_wconf 83' lang='lat' dir='ltr'>quia</span> <span class='ocrx_word' id='word_1_5' title='bbox 371 789 463 854; x_wconf 79' lang='lat' dir='ltr'>fortis</span> <span class='ocrx_word' id='word_1_6' title='bbox 485 790 572 854; x_wconf 85' lang='lat' dir='ltr'>adest</span> <span class='ocrx_word' id='word_1_7' title='bbox 596 788 741 870; x_wconf 85' lang='lat' dir='ltr'>audacia,</span> <span class='ocrx_word' id='word_1_8' title='bbox 772 792 870 874; x_wconf 84' lang='lat' dir='ltr'>cepit:</span> <span class='ocrx_word' id='word_1_9' title='bbox 899 804 932 854; x_wconf 77' lang='lat' dir='ltr'>at</span> <span class='ocrx_word' id='word_1_10' title='bbox 955 793 1001 856; x_wconf 87' lang='lat' dir='ltr'>illi</span> <span class='ocrx_word' id='word_1_11' title='bbox 1099 848 1110 875; x_wconf 68' lang='grc'><strong>,</strong></span> 
     </span>
     <span class='ocr_line' id='line_1_3' title="bbox 208 903 952 987; baseline 0 -17"><span class='ocrx_word' id='word_1_12' title='bbox 208 904 379 984; x_wconf 72' lang='lat' dir='ltr'>Virgineus</span> <span class='ocrx_word' id='word_1_13' title='bbox 399 916 522 968; x_wconf 87' lang='lat' dir='ltr'>teneras</span> <span class='ocrx_word' id='word_1_14' title='bbox 545 916 607 967; x_wconf 78' lang='lat' dir='ltr'>stat</span> <span class='ocrx_word' id='word_1_15' title='bbox 625 903 732 987; x_wconf 87' lang='lat' dir='ltr'>pudor</span> <span class='ocrx_word' id='word_1_16' title='bbox 752 917 824 968; x_wconf 89' lang='lat' dir='ltr'>ante</span> <span class='ocrx_word' id='word_1_17' title='bbox 847 926 952 985; x_wconf 82' lang='lat' dir='ltr'>genas.</span> 
     </span>
    </p>
   </div>
   <div class='ocr_carea' id='block_1_3' title="bbox 75 1011 1100 1309">
    <p class='ocr_par' dir='ltr' id='par_1_3' title="bbox 75 1011 1100 1309">
     <span class='ocr_line' id='line_1_4' title="bbox 246 1011 1058 1104; baseline 0.006 -25"><span class='ocrx_word' id='word_1_18' title='bbox 246 1011 316 1102; x_wconf 91' lang='lat' dir='ltr'>(ubi</span> <span class='ocrx_word' id='word_1_19' title='bbox 338 1018 431 1100; x_wconf 72' lang='lat' dir='ltr'>quod,</span> <span class='ocrx_word' id='word_1_20' title='bbox 456 1024 526 1101; x_wconf 81' lang='lat' dir='ltr'>quio</span> <span class='ocrx_word' id='word_1_21' title='bbox 545 1019 580 1081; x_wconf 87' lang='lat' dir='ltr'>in</span> <span class='ocrx_word' id='word_1_22' title='bbox 600 1020 698 1080; x_wconf 87' lang='lat' dir='ltr'>altero</span> <span class='ocrx_word' id='word_1_23' title='bbox 720 1020 862 1082; x_wconf 86' lang='lat' dir='ltr'>membro</span> <span class='ocrx_word' id='word_1_24' title='bbox 884 1017 1058 1104; x_wconf 88' lang='lat' dir='ltr'>omissum.)</span> 
     </span>
     <span class='ocr_line' id='line_1_5' title="bbox 75 1129 1100 1217; baseline 0.003 -22"><span class='ocrx_word' id='word_1_25' title='bbox 75 1129 160 1195; x_wconf 80' lang='lat' dir='ltr'>Aliis</span> <span class='ocrx_word' id='word_1_26' title='bbox 179 1130 215 1192; x_wconf 89' lang='lat' dir='ltr'>in</span> <span class='ocrx_word' id='word_1_27' title='bbox 231 1129 309 1193; x_wconf 83' lang='lat' dir='ltr'>loeis</span> <span class='ocrx_word' id='word_1_28' title='bbox 326 1130 465 1195; x_wconf 73' lang='lat' dir='ltr'><strong>suaviter</strong></span> <span class='ocrx_word' id='word_1_29' title='bbox 482 1151 601 1197; x_wconf 86' lang='lat' dir='ltr'>novum</span> <span class='ocrx_word' id='word_1_30' title='bbox 622 1131 796 1195; x_wconf 80' lang='lat' dir='ltr'>subiectum</span> <span class='ocrx_word' id='word_1_31' title='bbox 815 1132 952 1197; x_wconf 69' lang='lat' dir='ltr'>inferlm</span> <span class='ocrx_word' id='word_1_32' title='bbox 971 1134 1004 1198; x_wconf 91' lang='lat' dir='ltr'>in</span> <span class='ocrx_word' id='word_1_33' title='bbox 1023 1155 1100 1217; x_wconf 87' lang='lat' dir='ltr'>pen·</span> 
     </span>
     <span class='ocr_line' id='line_1_6' title="bbox 76 1243 408 1309; baseline 0.003 -1"><span class='ocrx_word' id='word_1_34' title='bbox 76 1255 252 1308; x_wconf 78' lang='lat' dir='ltr'>sametrum</span> <span class='ocrx_word' id='word_1_35' title='bbox 272 1262 344 1307; x_wconf 88' lang='lat' dir='ltr'>cum</span> <span class='ocrx_word' id='word_1_36' title='bbox 364 1243 408 1309; x_wconf 81' lang='lat' dir='ltr'>vi.</span> 
     </span>
    </p>
   </div>
   <div class='ocr_carea' id='block_1_4' title="bbox 77 1356 988 1669">
    <p class='ocr_par' dir='ltr' id='par_1_4' title="bbox 77 1356 988 1669">
     <span class='ocr_line' id='line_1_7' title="bbox 77 1356 259 1421; baseline -0.005 -2"><span class='ocrx_word' id='word_1_37' title='bbox 77 1356 93 1419; x_wconf 94' lang='lat'>1</span> <span class='ocrx_word' id='word_1_38' title='bbox 130 1363 154 1421; x_wconf 85' lang='lat'>2</span> <span class='ocrx_word' id='word_1_39' title='bbox 196 1363 259 1419; x_wconf 85' lang='lat'>82:</span> 
     </span>
     <span class='ocr_line' id='line_1_8' title="bbox 98 1401 988 1553; baseline 0.003 -18"><span class='ocrx_word' id='word_1_40' title='bbox 98 1401 110 1437; x_wconf 61' lang='lat'>‚</span> <span class='ocrx_word' id='word_1_41' title='bbox 162 1401 257 1535; x_wconf 66' lang='lat' dir='ltr'>ilum</span> <span class='ocrx_word' id='word_1_42' title='bbox 276 1469 411 1533; x_wconf 85' lang='lat' dir='ltr'>Veneria</span> <span class='ocrx_word' id='word_1_43' title='bbox 432 1489 562 1550; x_wconf 81' lang='lat' dir='ltr'>magnae</span> <span class='ocrx_word' id='word_1_44' title='bbox 582 1470 699 1534; x_wconf 79' lang='lat' dir='ltr'>violavi</span> <span class='ocrx_word' id='word_1_45' title='bbox 721 1472 852 1534; x_wconf 88' lang='lat' dir='ltr'>numina</span> <span class='ocrx_word' id='word_1_46' title='bbox 874 1475 988 1553; x_wconf 83' lang='lat' dir='ltr'>verbo,</span> 
     </span>
     <span class='ocr_line' id='line_1_9' title="bbox 213 1585 939 1669; baseline 0.006 -21"><span class='ocrx_word' id='word_1_47' title='bbox 213 1586 254 1649; x_wconf 84' lang='lat' dir='ltr'>Et</span> <span class='ocrx_word' id='word_1_48' title='bbox 273 1606 342 1649; x_wconf 88' lang='lat' dir='ltr'>mes</span> <span class='ocrx_word' id='word_1_49' title='bbox 364 1607 450 1649; x_wconf 89' lang='lat' dir='ltr'>nune</span> <span class='ocrx_word' id='word_1_50' title='bbox 470 1605 588 1667; x_wconf 89' lang='lat' dir='ltr'>poenas</span> <span class='ocrx_word' id='word_1_51' title='bbox 609 1585 707 1668; x_wconf 87' lang='lat' dir='ltr'>impia</span> <span class='ocrx_word' id='word_1_52' title='bbox 725 1586 833 1669; x_wconf 82' lang='lat' dir='ltr'>lingua</span> <span class='ocrx_word' id='word_1_53' title='bbox 855 1585 939 1652; x_wconf 73' lang='lat' dir='ltr'>luit?</span> 
     </span>
    </p>
   </div>
   <div class='ocr_carea' id='block_1_5' title="bbox 448 1694 678 1785">
    <p class='ocr_par' dir='ltr' id='par_1_5' title="bbox 448 1694 678 1785">
     <span class='ocr_line' id='line_1_10' title="bbox 448 1694 678 1785; baseline 0.026 -6"><span class='ocrx_word' id='word_1_54' title='bbox 448 1699 450 1702; x_wconf 77' lang='grc'>’</span> <span class='ocrx_word' id='word_1_55' title='bbox 510 1697 579 1781; x_wconf 60' lang='lat' dir='ltr'>(sn</span> <span class='ocrx_word' id='word_1_56' title='bbox 597 1694 678 1785; x_wconf 63' lang='grc'>1110·)</span> 
     </span>
    </p>
   </div>
   <div class='ocr_carea' id='block_1_6' title="bbox 80 1812 1110 4256">
    <p class='ocr_par' dir='ltr' id='par_1_6' title="bbox 80 1812 1110 4256">
     <span class='ocr_line' id='line_1_11' title="bbox 80 1812 259 1890; baseline -0.006 -16"><span class='ocrx_word' id='word_1_57' title='bbox 80 1812 113 1889; x_wconf 89' lang='grc' dir='ltr'>Ι,</span> <span class='ocrx_word' id='word_1_58' title='bbox 136 1817 178 1890; x_wconf 73' lang='lat'>3,</span> <span class='ocrx_word' id='word_1_59' title='bbox 197 1815 259 1873; x_wconf 77' lang='lat'>632</span> 
     </span>
     <span class='ocr_line' id='line_1_12' title="bbox 167 1922 930 2005; baseline 0 -17"><span class='ocrx_word' id='word_1_60' title='bbox 167 1926 211 1988; x_wconf 77' lang='lat' dir='ltr'>Al</span> <span class='ocrx_word' id='word_1_61' title='bbox 230 1924 382 1987; x_wconf 81' lang='lat' dir='ltr'>iuvenum</span> <span class='ocrx_word' id='word_1_62' title='bbox 402 1922 499 1987; x_wconf 81' lang='lat' dir='ltr'>series</span> <span class='ocrx_word' id='word_1_63' title='bbox 519 1923 633 1986; x_wconf 67' lang='lat' dir='ltr'>lenuis</span> <span class='ocrx_word' id='word_1_64' title='bbox 654 1922 796 1986; x_wconf 80' lang='lat' dir='ltr'>immixta</span> <span class='ocrx_word' id='word_1_65' title='bbox 816 1924 930 2005; x_wconf 87' lang='lat' dir='ltr'>puellis</span> 
     </span>
     <span class='ocr_line' id='line_1_13' title="bbox 210 2032 924 2116; baseline 0.003 -16"><span class='ocrx_word' id='word_1_66' title='bbox 210 2033 324 2116; x_wconf 79' lang='lat' dir='ltr'>Ludit,</span> <span class='ocrx_word' id='word_1_67' title='bbox 351 2047 384 2098; x_wconf 80' lang='lat' dir='ltr'>es</span> <span class='ocrx_word' id='word_1_68' title='bbox 404 2032 527 2098; x_wconf 78' lang='lat' dir='ltr'><strong>assidue</strong></span> <span class='ocrx_word' id='word_1_69' title='bbox 547 2035 670 2116; x_wconf 87' lang='lat' dir='ltr'>proelia</span> <span class='ocrx_word' id='word_1_70' title='bbox 689 2035 796 2098; x_wconf 79' lang='lat' dir='ltr'>miscel</span> <span class='ocrx_word' id='word_1_71' title='bbox 816 2038 924 2102; x_wconf 84' lang='lat' dir='ltr'>Amor.</span> 
     </span>
     <span class='ocr_line' id='line_1_14' title="bbox 402 2143 785 2233; baseline 0 -24"><span class='ocrx_word' id='word_1_72' title='bbox 402 2143 471 2233; x_wconf 85' lang='lat' dir='ltr'><strong>(pr.</strong></span> <span class='ocrx_word' id='word_1_73' title='bbox 489 2147 612 2230; x_wconf 86' lang='lat' dir='ltr'>proelia</span> <span class='ocrx_word' id='word_1_74' title='bbox 630 2143 785 2232; x_wconf 80' lang='lat' dir='ltr'>nsiscenl.)</span> 
     </span>
     <span class='ocr_line' id='line_1_15' title="bbox 85 2260 264 2339; baseline 0 -17"><span class='ocrx_word' id='word_1_75' title='bbox 85 2262 117 2339; x_wconf 89' lang='lat'>1,</span> <span class='ocrx_word' id='word_1_76' title='bbox 140 2260 179 2339; x_wconf 76' lang='lat'>4,</span> <span class='ocrx_word' id='word_1_77' title='bbox 200 2260 243 2322; x_wconf 79' lang='lat'>47</span> <span class='ocrx_word' id='word_1_78' title='bbox 254 2280 264 2322; x_wconf 77' lang='lat' dir='ltr'><strong><em>z</em></strong></span> 
     </span>
     <span class='ocr_line' id='line_1_16' title="bbox 170 2369 890 2453; baseline -0.001 -17"><span class='ocrx_word' id='word_1_79' title='bbox 170 2371 240 2436; x_wconf 90' lang='lat' dir='ltr'>Neo</span> <span class='ocrx_word' id='word_1_80' title='bbox 263 2383 294 2434; x_wconf 86' lang='lat' dir='ltr'>te</span> <span class='ocrx_word' id='word_1_81' title='bbox 313 2371 472 2453; x_wconf 78' lang='lat' dir='ltr'>paeniteat</span> <span class='ocrx_word' id='word_1_82' title='bbox 493 2369 590 2432; x_wconf 86' lang='lat' dir='ltr'>duros</span> <span class='ocrx_word' id='word_1_83' title='bbox 612 2369 744 2433; x_wconf 88' lang='lat' dir='ltr'>subiisse</span> <span class='ocrx_word' id='word_1_84' title='bbox 765 2371 890 2434; x_wconf 84' lang='lat' dir='ltr'>labores</span> 
     </span>
     <span class='ocr_line' id='line_1_17' title="bbox 211 2485 879 2569; baseline -0.004 -19"><span class='ocrx_word' id='word_1_85' title='bbox 211 2489 277 2550; x_wconf 82' lang='lat' dir='ltr'>Aut</span> <span class='ocrx_word' id='word_1_86' title='bbox 297 2507 395 2569; x_wconf 88' lang='lat' dir='ltr'>opera</span> <span class='ocrx_word' id='word_1_87' title='bbox 415 2485 552 2550; x_wconf 85' lang='lat' dir='ltr'>insuetas</span> <span class='ocrx_word' id='word_1_88' title='bbox 573 2485 736 2549; x_wconf 72' lang='lat' dir='ltr'>attenuisse</span> <span class='ocrx_word' id='word_1_89' title='bbox 757 2506 879 2549; x_wconf 89' lang='lat' dir='ltr'>manus.</span> 
     </span>
     <span class='ocr_line' id='line_1_18' title="bbox 328 2592 860 2683; baseline -0.004 -22"><span class='ocrx_word' id='word_1_90' title='bbox 328 2597 435 2682; x_wconf 82' lang='lat' dir='ltr'>(Certe</span> <span class='ocrx_word' id='word_1_91' title='bbox 457 2600 500 2661; x_wconf 89' lang='lat' dir='ltr'>sic</span> <span class='ocrx_word' id='word_1_92' title='bbox 522 2599 666 2661; x_wconf 87' lang='lat' dir='ltr'>meliores</span> <span class='ocrx_word' id='word_1_93' title='bbox 688 2621 737 2679; x_wconf 88' lang='lat' dir='ltr'>pr.</span> <span class='ocrx_word' id='word_1_94' title='bbox 755 2592 860 2683; x_wconf 80' lang='lat' dir='ltr'>opere.)</span> 
     </span>
     <span class='ocr_line' id='line_1_19' title="bbox 170 2709 948 2789; baseline -0.004 -15"><span class='ocrx_word' id='word_1_95' title='bbox 170 2710 257 2789; x_wconf 88' lang='lat' dir='ltr'>Nec,</span> <span class='ocrx_word' id='word_1_96' title='bbox 286 2712 362 2774; x_wconf 74' lang='lat' dir='ltr'>velis</span> <span class='ocrx_word' id='word_1_97' title='bbox 382 2710 504 2774; x_wconf 75' lang='lat' dir='ltr'>insidiis</span> <span class='ocrx_word' id='word_1_98' title='bbox 524 2711 601 2772; x_wconf 86' lang='lat' dir='ltr'>altas</span> <span class='ocrx_word' id='word_1_99' title='bbox 623 2711 649 2773; x_wconf 90' lang='lat' dir='ltr'>si</span> <span class='ocrx_word' id='word_1_100' title='bbox 671 2709 814 2772; x_wconf 81' lang='lat' dir='ltr'>claudere</span> <span class='ocrx_word' id='word_1_101' title='bbox 836 2711 948 2788; x_wconf 86' lang='lat' dir='ltr'>valles,</span> 
     </span>
     <span class='ocr_line' id='line_1_20' title="bbox 214 2823 963 2908; baseline 0 -21"><span class='ocrx_word' id='word_1_102' title='bbox 214 2825 301 2888; x_wconf 89' lang='lat' dir='ltr'>Dum</span> <span class='ocrx_word' id='word_1_103' title='bbox 322 2827 460 2908; x_wconf 82' lang='lat' dir='ltr'>placeas,</span> <span class='ocrx_word' id='word_1_104' title='bbox 488 2823 613 2886; x_wconf 88' lang='lat' dir='ltr'>humeri</span> <span class='ocrx_word' id='word_1_105' title='bbox 633 2823 712 2886; x_wconf 74' lang='lat' dir='ltr'>resia</span> <span class='ocrx_word' id='word_1_106' title='bbox 735 2825 817 2887; x_wconf 81' lang='lat' dir='ltr'>ferre</span> <span class='ocrx_word' id='word_1_107' title='bbox 840 2837 963 2907; x_wconf 77' lang='lat' dir='ltr'>negent.</span> 
     </span>
     <span class='ocr_line' id='line_1_21' title="bbox 380 2935 814 3020; baseline 0.007 -22"><span class='ocrx_word' id='word_1_108' title='bbox 380 2938 450 3020; x_wconf 86' lang='lat' dir='ltr'><strong>(pr.</strong></span> <span class='ocrx_word' id='word_1_109' title='bbox 469 2935 610 3000; x_wconf 89' lang='lat' dir='ltr'>humeris</span> <span class='ocrx_word' id='word_1_110' title='bbox 630 2972 673 2984; x_wconf 93' lang='lat'><em>-</em></span> <span class='ocrx_word' id='word_1_111' title='bbox 695 2939 814 3018; x_wconf 82' lang='lat' dir='ltr'>neges.)</span> 
     </span>
     <span class='ocr_line' id='line_1_22' title="bbox 87 3052 261 3130; baseline 0 -18"><span class='ocrx_word' id='word_1_112' title='bbox 87 3052 118 3130; x_wconf 87' lang='lat'>1,</span> <span class='ocrx_word' id='word_1_113' title='bbox 139 3059 177 3128; x_wconf 90' lang='lat'>8,</span> <span class='ocrx_word' id='word_1_114' title='bbox 199 3055 261 3112; x_wconf 79' lang='lat'>53:</span> 
     </span>
     <span class='ocr_line' id='line_1_23' title="bbox 171 3162 1048 3246; baseline 0 -19"><span class='ocrx_word' id='word_1_115' title='bbox 171 3164 242 3227; x_wconf 89' lang='lat' dir='ltr'>Vae</span> <span class='ocrx_word' id='word_1_116' title='bbox 264 3162 359 3225; x_wconf 85' lang='lat' dir='ltr'>miser</span> <span class='ocrx_word' id='word_1_117' title='bbox 379 3163 502 3224; x_wconf 75' lang='lat' dir='ltr'>absenti</span> <span class='ocrx_word' id='word_1_118' title='bbox 522 3175 654 3225; x_wconf 74' lang='lat' dir='ltr'>maestas</span> <span class='ocrx_word' id='word_1_119' title='bbox 676 3182 771 3246; x_wconf 90' lang='lat' dir='ltr'>quam</span> <span class='ocrx_word' id='word_1_120' title='bbox 791 3183 883 3244; x_wconf 87' lang='lat' dir='ltr'>saepe</span> <span class='ocrx_word' id='word_1_121' title='bbox 905 3167 1048 3246; x_wconf 84' lang='lat' dir='ltr'>querelas</span> 
     </span>
     <span class='ocr_line' id='line_1_24' title="bbox 219 3275 977 3359; baseline 0.003 -20"><span class='ocrx_word' id='word_1_122' title='bbox 219 3276 355 3340; x_wconf 86' lang='lat' dir='ltr'>coniicit</span> <span class='ocrx_word' id='word_1_123' title='bbox 374 3289 405 3341; x_wconf 88' lang='lat' dir='ltr'>et</span> <span class='ocrx_word' id='word_1_124' title='bbox 426 3278 563 3341; x_wconf 81' lang='lat' dir='ltr'>lacrImis</span> <span class='ocrx_word' id='word_1_125' title='bbox 584 3277 691 3340; x_wconf 88' lang='lat' dir='ltr'>omnia</span> <span class='ocrx_word' id='word_1_126' title='bbox 715 3279 810 3359; x_wconf 86' lang='lat' dir='ltr'>plena</span> <span class='ocrx_word' id='word_1_127' title='bbox 834 3275 977 3341; x_wconf 82' lang='lat' dir='ltr'>madent!</span> 
     </span>
     <span class='ocr_line' id='line_1_25' title="bbox 346 3390 851 3473; baseline 0.002 -20"><span class='ocrx_word' id='word_1_128' title='bbox 346 3392 414 3473; x_wconf 79' lang='lat' dir='ltr'>(pr.</span> <span class='ocrx_word' id='word_1_129' title='bbox 432 3392 568 3455; x_wconf 79' lang='lat' dir='ltr'>lacrimis</span> <span class='ocrx_word' id='word_1_130' title='bbox 591 3392 697 3455; x_wconf 89' lang='lat' dir='ltr'>omnia</span> <span class='ocrx_word' id='word_1_131' title='bbox 719 3390 851 3473; x_wconf 83' lang='lat' dir='ltr'>opplet.)</span> 
     </span>
     <span class='ocr_line' id='line_1_26' title="bbox 88 3503 1110 3591; baseline -0.002 -20"><span class='ocrx_word' id='word_1_132' title='bbox 88 3504 265 3591; x_wconf 81' lang='lat' dir='ltr'>Aliquoties</span> <span class='ocrx_word' id='word_1_133' title='bbox 283 3517 356 3586; x_wconf 79' lang='lat' dir='ltr'>post</span> <span class='ocrx_word' id='word_1_134' title='bbox 370 3507 502 3568; x_wconf 81' lang='lat' dir='ltr'>verbum</span> <span class='ocrx_word' id='word_1_135' title='bbox 518 3503 747 3568; x_wconf 83' lang='lat' dir='ltr'>substantivum</span> <span class='ocrx_word' id='word_1_136' title='bbox 764 3527 822 3568; x_wconf 81' lang='lat' dir='ltr'>esse</span> <span class='ocrx_word' id='word_1_137' title='bbox 842 3504 977 3588; x_wconf 84' lang='lat' dir='ltr'>amplior</span> <span class='ocrx_word' id='word_1_138' title='bbox 992 3505 1110 3569; x_wconf 80' lang='lat' dir='ltr'>locutio</span> 
     </span>
     <span class='ocr_line' id='line_1_27' title="bbox 88 3618 761 3695; baseline -0.006 -11"><span class='ocrx_word' id='word_1_139' title='bbox 88 3622 175 3684; x_wconf 82' lang='lat' dir='ltr'>illata</span> <span class='ocrx_word' id='word_1_140' title='bbox 197 3620 232 3680; x_wconf 90' lang='lat' dir='ltr'>in</span> <span class='ocrx_word' id='word_1_141' title='bbox 253 3618 488 3681; x_wconf 72' lang='lat' dir='ltr'>continuatione</span> <span class='ocrx_word' id='word_1_142' title='bbox 509 3618 697 3695; x_wconf 85' lang='lat' dir='ltr'>sententiae,</span> <span class='ocrx_word' id='word_1_143' title='bbox 725 3629 761 3680; x_wconf 84' lang='lat' dir='ltr'>ut</span> 
     </span>
     <span class='ocr_line' id='line_1_28' title="bbox 90 3736 279 3821; baseline -0.011 -25"><span class='ocrx_word' id='word_1_144' title='bbox 90 3736 134 3814; x_wconf 87' lang='lat'>11,</span> <span class='ocrx_word' id='word_1_145' title='bbox 157 3739 197 3821; x_wconf 76' lang='lat'>¹2</span> <span class='ocrx_word' id='word_1_146' title='bbox 218 3738 279 3794; x_wconf 78' lang='lat'>63:</span> 
     </span>
     <span class='ocr_line' id='line_1_29' title="bbox 173 3843 1085 3929; baseline 0.001 -22"><span class='ocrx_word' id='word_1_147' title='bbox 173 3847 257 3907; x_wconf 86' lang='lat' dir='ltr'>Hinc</span> <span class='ocrx_word' id='word_1_148' title='bbox 278 3856 311 3906; x_wconf 88' lang='lat' dir='ltr'>et</span> <span class='ocrx_word' id='word_1_149' title='bbox 330 3844 483 3907; x_wconf 81' lang='lat' dir='ltr'>femineus</span> <span class='ocrx_word' id='word_1_150' title='bbox 506 3846 599 3907; x_wconf 81' lang='lat' dir='ltr'>labor</span> <span class='ocrx_word' id='word_1_151' title='bbox 619 3857 683 3923; x_wconf 78' lang='lat' dir='ltr'>est,</span> <span class='ocrx_word' id='word_1_152' title='bbox 707 3843 781 3907; x_wconf 90' lang='lat' dir='ltr'>hinc</span> <span class='ocrx_word' id='word_1_153' title='bbox 801 3863 898 3926; x_wconf 87' lang='lat' dir='ltr'>pensa</span> <span class='ocrx_word' id='word_1_154' title='bbox 919 3844 1085 3929; x_wconf 86' lang='lat' dir='ltr'>colusque,</span> 
     </span>
     <span class='ocr_line' id='line_1_30' title="bbox 99 3948 922 4038; baseline -0.002 -18"><span class='ocrx_word' id='word_1_155' title='bbox 99 3948 101 3952; x_wconf 38' lang='lat'><em>⁴</em></span> <span class='ocrx_word' id='word_1_156' title='bbox 219 3957 323 4020; x_wconf 87' lang='lat' dir='ltr'>Fusus</span> <span class='ocrx_word' id='word_1_157' title='bbox 346 3969 377 4018; x_wconf 85' lang='lat' dir='ltr'>et</span> <span class='ocrx_word' id='word_1_158' title='bbox 401 3957 544 4038; x_wconf 84' lang='lat' dir='ltr'>apposito</span> <span class='ocrx_word' id='word_1_159' title='bbox 567 3957 680 4038; x_wconf 86' lang='lat' dir='ltr'>pollice</span> <span class='ocrx_word' id='word_1_160' title='bbox 705 3969 808 4020; x_wconf 81' lang='lat' dir='ltr'>versat</span> <span class='ocrx_word' id='word_1_161' title='bbox 831 3977 922 4038; x_wconf 89' lang='lat' dir='ltr'>opus.</span> 
     </span>
     <span class='ocr_line' id='line_1_31' title="bbox 93 4070 265 4150; baseline -0.006 -19"><span class='ocrx_word' id='word_1_162' title='bbox 93 4071 124 4150; x_wconf 92' lang='lat'>1,</span> <span class='ocrx_word' id='word_1_163' title='bbox 144 4077 183 4148; x_wconf 85' lang='grc'>3,</span> <span class='ocrx_word' id='word_1_164' title='bbox 203 4070 244 4130; x_wconf 76' lang='grc'>47</span> <span class='ocrx_word' id='word_1_165' title='bbox 255 4090 265 4130; x_wconf 78' lang='lat' dir='ltr'>t</span> 
     </span>
     <span class='ocr_line' id='line_1_32' title="bbox 175 4177 1063 4256; baseline -0.006 -12"><span class='ocrx_word' id='word_1_166' title='bbox 175 4181 250 4244; x_wconf 89' lang='lat' dir='ltr'>Non</span> <span class='ocrx_word' id='word_1_167' title='bbox 273 4178 370 4255; x_wconf 90' lang='lat' dir='ltr'>acies,</span> <span class='ocrx_word' id='word_1_168' title='bbox 398 4197 465 4240; x_wconf 90' lang='lat' dir='ltr'>non</span> <span class='ocrx_word' id='word_1_169' title='bbox 484 4177 534 4242; x_wconf 85' lang='lat' dir='ltr'>ira</span> <span class='ocrx_word' id='word_1_170' title='bbox 553 4180 629 4256; x_wconf 82' lang='lat' dir='ltr'>fuit,</span> <span class='ocrx_word' id='word_1_171' title='bbox 658 4199 723 4242; x_wconf 91' lang='lat' dir='ltr'>non</span> <span class='ocrx_word' id='word_1_172' title='bbox 745 4178 844 4255; x_wconf 86' lang='lat' dir='ltr'>bella,</span> <span class='ocrx_word' id='word_1_173' title='bbox 876 4198 934 4240; x_wconf 89' lang='lat' dir='ltr'>nec</span> <span class='ocrx_word' id='word_1_174' title='bbox 958 4198 1063 4241; x_wconf 86' lang='lat' dir='ltr'>ensem</span> 
     </span>
    </p>
   </div>
   <div class='ocr_carea' id='block_1_7' title="bbox 220 4289 837 4468">
    <p class='ocr_par' dir='ltr' id='par_1_7' title="bbox 220 4289 837 4468">
     <span class='ocr_line' id='line_1_33' title="bbox 220 4289 837 4371; baseline -0.003 -16"><span class='ocrx_word' id='word_1_175' title='bbox 220 4292 336 4356; x_wconf 86' lang='lat' dir='ltr'>Immiti</span> <span class='ocrx_word' id='word_1_176' title='bbox 355 4310 466 4356; x_wconf 83' lang='lat' dir='ltr'>saevus</span> <span class='ocrx_word' id='word_1_177' title='bbox 488 4289 622 4356; x_wconf 84' lang='lat' dir='ltr'>duxerat</span> <span class='ocrx_word' id='word_1_178' title='bbox 644 4305 710 4355; x_wconf 83' lang='lat' dir='ltr'>arte</span> <span class='ocrx_word' id='word_1_179' title='bbox 730 4293 837 4371; x_wconf 86' lang='lat' dir='ltr'>faber,</span> 
     </span>
     <span class='ocr_line' id='line_1_34' title="bbox 772 4410 813 4468; baseline 0 -25"><span class='ocrx_word' id='word_1_180' title='bbox 772 4412 780 4468; x_wconf 83' lang='grc' dir='ltr'>Ι</span> <span class='ocrx_word' id='word_1_181' title='bbox 799 4410 813 4443; x_wconf 70' lang='lat' dir='ltr'>’l‘</span> 
     </span>
    </p>
   </div>
   <div class='ocr_carea' id='block_1_8' title="bbox 0 0 1259 4838">
    <p class='ocr_par' dir='ltr' id='par_1_8' title="bbox 0 0 1259 4838">
     <span class='ocr_line' id='line_1_35' title="bbox 0 0 1259 4838; baseline 0 0"><span class='ocrx_word' id='word_1_182' title='bbox 0 0 1259 4838; x_wconf 95' lang='lat' dir='ltr'> </span> 
     </span>
    </p>
   </div>
  </div>
 </body>
</html>
