2468 4838
169 633 233 677 xcu
600 614 658 677 DE
679 611 801 678 POESI

168 808 284 852 nonam
317 808 378 870 pro
407 808 513 852 amore
544 785 702 870 Sulpiciae
732 798 764 848 et
795 783 939 849 Cerinthi
969 785 1123 868 scriptum
1151 788 1185 849 in

167 903 314 964 natalitiis
337 902 503 985 Sulpiciae.
550 901 691 965 Exordio
719 912 865 983 precatur
891 898 982 965 dcam
1009 912 1121 982 poeta,
1151 914 1185 963 nt

166 1014 250 1080 dona
269 996 392 1100 puellae
410 1021 544 1099 benigne
561 1019 705 1102 recipiat,
723 1016 861 1081 medium
879 1038 1003 1080 carmen
1021 1018 1107 1100 ipsas
1126 1038 1184 1099 pro

165 1132 226 1193 hoc
255 1153 362 1193 amore
393 1132 548 1195 firmando
580 1144 612 1194 et
642 1131 759 1196 tuendo
792 1153 899 1214 preces
930 1133 1044 1209 habet,
1083 1131 1183 1193 exitus

164 1242 302 1329 denique
320 1247 447 1311 tertium
467 1251 602 1330 repetita
621 1248 821 1313 invocatione
840 1250 1014 1311 obtestatum
1029 1248 1182 1310 lunonem

163 1380 223 1441 per
242 1381 329 1423 sacra
351 1374 386 1423 ut
410 1375 544 1439 annuat,
573 1361 729 1444 descripto
753 1354 867 1424 affectu
892 1363 1016 1442 puellae
1038 1358 1182 1423 disertius

165 1473 205 1536 ad
228 1474 416 1538 movendam
439 1475 539 1538 dcam.
587 1475 676 1538 Nihil
698 1475 790 1537 etiam
812 1474 864 1537 hic
884 1474 961 1555 fingi
981 1486 1086 1556 potest
1108 1492 1181 1537 con·

163 1592 297 1654 sinnius.
339 1591 428 1654 Adde
450 1613 575 1656 carmen
597 1593 653 1665 tv,
670 1595 701 1654 5.
744 1590 882 1674 Sulpicia
900 1594 935 1653 in
956 1590 1105 1655 natalitiis
1124 1588 1181 1652 Ce-

161 1707 261 1768 rintlri
287 1719 362 1771 vota
392 1706 466 1769 facit
493 1728 553 1788 pro
585 1726 693 1768 amore
723 1726 792 1769 suo.
850 1705 956 1789 Atque
984 1705 1020 1767 in
1049 1703 1180 1767 exordio

161 1824 287 1885 nuntiat
310 1836 451 1885 sanctum
471 1823 532 1885 sibi
557 1844 682 1905 semper
702 1835 734 1885 et
752 1824 866 1885 festum
890 1823 975 1885 hunc
999 1819 1098 1899 diem,
1125 1820 1181 1905 qui

161 1938 347 2001 Cerintlutm
373 1937 504 2001 dederit.
544 1937 653 2001 Media
674 1959 748 2021 pars
773 1937 919 2001 carminis
943 1959 1052 2020 preces
1076 1938 1179 2018 habet,

159 2053 326 2114 invocatur
347 2051 466 2115 Genius
489 2065 521 2115 et
540 2055 669 2132 Vanus,
701 2064 738 2114 ut
757 2054 883 2116 faveant
905 2052 955 2113 hie
978 2052 1094 2114 verbis.
1142 2051 1180 2113 ln

160 2167 248 2229 exitu
277 2166 413 2250 denique
444 2170 599 2251 repetitur
628 2169 787 2232 invocatio
818 2168 948 2230 Natalis.
1005 2165 1058 2231 Sic
1088 2168 1179 2230 etiam

159 2282 253 2345 huius
275 2280 421 2346 carminis
441 2282 549 2347 cadem
569 2284 762 2365 compositio.
803 2281 859 2344 Est
877 2281 913 2343 in
931 2282 1080 2343 omnibus
1098 2282 1179 2342 clara

160 2396 315 2461 distinctio
343 2400 438 2462 trium
471 2413 720 2479 momentorum,
757 2418 893 2483 quorum
923 2410 1076 2463 concentu
1105 2416 1178 2461 con·

157 2509 277 2573 tinetur
307 2514 411 2575 unitas
443 2513 569 2593 elegiae.
629 2511 801 2574 Videamus
829 2533 915 2576 nunc
941 2531 1066 2575 carmen
1091 2512 1125 2587 1,
1151 2518 1178 2573 t.

159 2621 247 2707 quod
276 2637 306 2688 et
331 2624 434 2707 ipsum
462 2627 650 2705 natalitium,
680 2625 735 2690 sed
760 2627 854 2705 longe
875 2624 986 2686 murts.
1029 2621 1177 2685 Celebra-

157 2749 212 2798 tur
231 2739 300 2799 laus
321 2737 484 2801 Messalae.
526 2740 592 2801 lam
617 2759 753 2822 quaero:
780 2739 844 2803 Ubi
866 2736 906 2799 ad
928 2735 1055 2799 laudem
1074 2737 1178 2818 magni

156 2852 219 2914 viri
240 2849 457 2914 celebrandam
484 2853 614 2914 natalitii
631 2852 702 2914 festi
723 2847 917 2915 solemnitate
935 2851 1052 2927 utaris,
1081 2869 1176 2932 qnam

156 2964 251 3041 vulgo
278 2976 427 3045 sequetur
453 2985 577 3027 cursum
603 2962 724 3046 elegia?
771 2959 922 3028 Ordiatur
945 2985 965 3026 a
989 2965 1176 3027 salutatione

156 3072 237 3156 diei,
268 3079 323 3160 qui
348 3079 443 3142 vitam
472 3078 558 3142 dedit
583 3081 637 3143 tali
665 3083 751 3159 viro,
783 3092 850 3142 tum
875 3079 970 3143 latius
995 3077 1113 3142 diffissa
1137 3077 1176 3140 ad

156 3191 387 3271 expositionem
410 3192 556 3257 disertam
576 3193 704 3257 laudum
726 3205 851 3276 perget,
874 3193 910 3255 in
932 3195 1020 3257 exitu
1040 3192 1175 3276 denique

156 3305 322 3368 contractis
348 3309 426 3370 velis
454 3320 528 3372 vota
558 3310 649 3370 faciet
673 3328 732 3388 pro
757 3308 865 3370 futura
887 3306 1042 3393 felicitate.
1094 3303 1175 3368 Vide

156 3438 241 3478 nunc
267 3419 441 3481 Tibullum.
497 3420 578 3481 Cum
604 3421 741 3482 Messala
766 3441 871 3502 nuper
897 3419 967 3501 ipso
999 3416 1050 3480 dic
1079 3418 1176 3481 natali

153 3531 286 3594 fudisset
304 3533 480 3616 Aquitanos
500 3557 613 3616 magno
634 3536 774 3617 proelio,
795 3549 890 3618 poeta
908 3538 944 3599 in
962 3532 1094 3598 exordio
1113 3554 1175 3617 pro

154 3648 342 3726 generaliori
360 3646 453 3710 laude
472 3647 535 3710 diei
553 3652 655 3713 statim
675 3651 756 3714 hanc
772 3650 935 3713 victoriam
955 3648 1057 3730 ipsam
1073 3649 1175 3730 ponit,

153 3772 190 3821 ut
224 3763 359 3823 maxmte
395 3763 560 3843 proprium
596 3765 751 3826 honorem
784 3777 816 3827 et
851 3764 1072 3827 salutationem
1104 3762 1176 3828 diei.

154 3872 243 3950 Quae
261 3876 393 3957 pulchra
411 3876 551 3939 inventio
574 3891 637 3956 est3
661 3877 807 3960 specialia
827 3878 1028 3952 substituere,
1051 3875 1107 3938 ubi
1123 3898 1176 3941 res

152 3987 227 4064 fert,
247 3990 436 4067 generaliori
456 3990 575 4052 formae
598 4004 681 4052 amat
700 3991 816 4071 poesis.
858 3989 922 4053 Sed
941 3988 1017 4073 qnid
1034 3986 1176 4052 medium

153 4120 278 4162 carmen
300 4102 418 4165 habet?
462 4103 590 4168 Ceteras
611 4125 662 4166 res
682 4118 782 4186 gestas
800 4105 876 4186 viri,
899 4104 965 4168 sire
986 4107 1177 4169 remotiores

151 4213 260 4277 laudes
282 4222 392 4282 tratalis
414 4218 487 4295 dici,
510 4221 652 4283 oratione
670 4241 755 4284 nunc
773 4221 806 4282 in
827 4220 1011 4302 ampliorem
1027 4238 1178 4299 campum

151 4340 343 4394 transeunte.
387 4334 465 4398 Cum
485 4348 589 4400 eutem
611 4339 644 4400 in
664 4337 834 4401 maioribus
853 4335 959 4416 elegiis
979 4333 1074 4412 uulgo
1093 4332 1177 4397 dues
