2468 4838
494 565 677 633 TlBULLl.
738 600 745 613 ·
1047 600 1098 640 exi

66 758 143 824 quae
167 740 301 821 etipsa
328 738 466 803 alienum
496 763 634 808 amorem
657 740 873 810 adumbrant?
916 749 983 815 Cur
1012 774 1096 816 com·

64 855 181 936 positio
215 857 395 929 carutium
424 856 530 921 differt
559 881 577 921 e
607 859 809 925 Tibullinna?
860 863 926 927 Cur
960 870 1095 932 elocutio

65 982 109 1032 tot
129 968 320 1035 discrimina
341 986 373 1035 et
394 973 471 1036 vitia
487 976 583 1037 habet
597 998 616 1037 a
633 976 753 1039 Tibulli
765 979 871 1043 limata
887 994 953 1043 arte
970 979 1095 1047 aliena?

66 1085 130 1149 llas
151 1107 206 1151 res
228 1089 314 1150 enim
337 1091 498 1173 sequentia
521 1091 622 1172 capita
651 1090 825 1154 ostendent.
874 1092 979 1168 Quare
1004 1097 1096 1159 nihili

68 1199 161 1263 etiam
179 1204 262 1264 haec
286 1202 408 1283 opinio,
430 1204 548 1265 nemini
569 1202 657 1286 quod
678 1206 774 1266 eciam
794 1216 920 1285 praeter
939 1207 1093 1288 Vulpium

69 1326 100 1378 et
119 1314 323 1377 Huschkium
343 1316 464 1395 placita.
485 1348 529 1361 ·-
561 1318 724 1379 Postremo
746 1315 785 1378 de
807 1325 906 1400 quaid
925 1321 992 1383 ibn
1010 1324 1094 1399 elegi·

68 1428 123 1489 diis
140 1428 284 1510 pulchris
304 1428 460 1491 nonnulla
478 1442 552 1490 sunt
570 1425 711 1492 dicenda.
754 1426 923 1504 Quomodo
943 1433 1013 1494 fieri
1034 1454 1092 1514 po·

68 1544 163 1605 merit
182 1564 244 1624 per
263 1552 442 1624 temporum
464 1542 633 1619 rationem,
663 1556 699 1605 ut
720 1544 865 1607 Tibullus
886 1558 958 1624 post
976 1548 1089 1611 Deliae

69 1668 99 1718 et
117 1656 273 1738 Glycerae
291 1654 464 1736 perfidiam,
484 1642 696 1719 conviceret
717 1655 872 1738 Sulpiciae
893 1646 1091 1740 praedamini

67 1790 209 1834 amorem
228 1770 265 1833 in
287 1767 488 1845 Corinthum,
510 1770 594 1830 hunc
615 1765 797 1850 depingeret
818 1783 850 1832 et
868 1773 946 1835 alius
967 1776 1089 1852 generis

66 1887 174 1968 puella
196 1882 340 1947 ornanda
357 1903 500 1946 recreare
519 1884 616 1946 vellet
630 1886 788 1960 minum,
808 1883 944 1949 vidimus
964 1889 999 1949 iu
1013 1889 1089 1953 Vita

65 2010 190 2080 poetae.
229 1998 269 2060 ln
288 2016 355 2081 quo
377 1996 504 2079 quidem
525 2009 707 2075 argumento
730 1997 892 2062 tractando
914 2022 986 2063 cum
1002 2000 1087 2066 veri·

65 2112 143 2176 tatis.
158 2125 191 2175 et
208 2111 344 2175 fictionis
364 2112 504 2194 poeticae
524 2112 662 2175 rationes
684 2112 897 2192 coniunxerit,
919 2086 992 2177 alia⁰
1001 2117 1087 2180 simi·

63 2226 118 2304 lia,
137 2228 199 2289 alia
219 2226 381 2289 diesinrilia
401 2228 596 2307 exspectabis
618 2228 735 2288 ceteris*
744 2227 864 2289 Tibulli
888 2231 1087 2294 carminibus.

64 2336 140 2401 Non
160 2351 271 2419 regnat
290 2339 342 2402 hie
367 2340 450 2400 miris
472 2358 562 2402 amor
583 2338 782 2402 Tibullianus
810 2361 867 2402 nec
896 2343 1085 2407 rusticarum

63 2472 170 2515 rerum
191 2451 302 2516 laudes
324 2455 545 2534 reperiuntur,
572 2477 645 2518 cum
666 2475 732 2517 non
755 2473 829 2517 suos
850 2455 906 2518 sed
928 2455 1085 2539 Sulpiciae

64 2578 97 2628 et
124 2565 270 2629 Cerintlri
296 2586 401 2629 mores
429 2565 604 2630 adumbret.
655 2566 723 2629 Nec
752 2587 829 2648 quas
859 2569 925 2647 ipse
952 2589 1083 2632 suorum

63 2681 240 2741 carminum
260 2681 452 2742 ereticorum
473 2699 581 2742 causas
601 2680 710 2757 habet,
732 2679 852 2741 clausae
872 2679 976 2757 fores,
996 2681 1085 2742 dum·

61 2792 138 2855 tiam
159 2805 215 2855 aut
236 2791 401 2874 perfidiam
421 2792 615 2874 puellam,
644 2791 688 2854 sic
710 2792 829 2873 pariter
853 2791 888 2854 in
914 2793 963 2855 his
991 2794 1084 2874 elegi-

63 2905 122 2970 diis
143 2908 389 2990 exspectaveris,
418 2908 475 2969 ubi
501 2905 656 2988 Sulpiciae
682 2920 757 2970 eunt
780 2907 948 2988 primariae
969 2920 1083 2989 partes,

62 3033 94 3083 et
114 3022 258 3101 iuvenis,
288 3023 345 3105 qui
369 3035 506 3099 amatur,
534 3022 673 3085 timidior
694 3036 750 3084 est.
798 3025 969 3103 Postquam
990 3035 1082 3102 poeto

61 3133 316 3216 eorporiadecue
333 3135 481 3212 laudavit,
504 3135 632 3197 exhibet
655 3135 723 3197 aliis
741 3136 776 3195 in
799 3136 989 3196 carminibus
1012 3157 1083 3196 seu-

60 3270 114 3314 sus
135 3250 278 3332 puellae,
309 3271 391 3333 quae
419 3273 505 3313 ntrnc
535 3250 683 3312 natalitiis
711 3249 796 3311 festis
824 3259 898 3311 vota
925 3247 1000 3310 facit
1023 3268 1083 3327 pro

60 3384 170 3426 amore
184 3361 339 3441 Cerintlii
360 3384 445 3426 nunc
467 3365 638 3426 absentiam
660 3362 753 3425 amati
774 3361 919 3444 queritur
935 3373 1083 3425 venatmu

59 3476 141 3538 urbe
162 3477 288 3556 egressi,
309 3497 395 3538 nunc
418 3476 487 3557 ipsa
507 3452 636 3538 recusat=
650 3476 684 3536 in
704 3495 759 3539 rus
780 3477 825 3537 ire
847 3477 961 3558 procrd
983 3496 1001 3536 a
1023 3473 1082 3537 Ce-

59 3590 185 3670 rintho,
220 3612 307 3653 nnnc
336 3593 493 3674 zelotypia
520 3591 653 3672 puellari
683 3590 823 3670 angitur,
857 3592 918 3652 alio
940 3601 1081 3668 tempore

60 3705 172 3769 morbo
191 3704 328 3769 laborat.
370 3705 428 3767 His
454 3718 547 3786 atque
569 3681 683 3766 talibus
704 3704 803 3766 causis
824 3703 969 3764 nituntur
991 3722 1105 3780 argu-0

59 3830 164 3881 mente
187 3819 306 3881 horum
326 3819 518 3896 carminum,
549 3818 606 3880 ubi
626 3816 719 3879 etiam
744 3816 867 3877 iuvenis
887 3832 991 3875 mores
1012 3831 1081 3874 mo·

60 3926 138 3995 desti
158 3932 254 3993 simul
276 3945 446 4014 apparent,
470 3932 528 3997 etsi
547 3933 599 3995 hie
622 3950 777 4013 nusquam
792 3927 943 4010 loquitur.
985 3928 1081 3989 Amo-

59 4048 101 4109 ris
122 4059 231 4109 etitem
252 4047 312 4125 vis,
341 4046 397 4129 qui
417 4046 469 4109 hie
490 4044 679 4126 depingitur,
700 4041 820 4103 Tibulli
840 4039 966 4119 ingenio
985 4043 1082 4122 plaue

59 4162 237 4227 familiaris·
274 4163 381 4243 puella
409 4159 531 4225 fervide
560 4172 658 4236 amat,
690 4153 954 4242 quemadmodum
981 4158 1083 4237 placet

60 4277 167 4358 Albio,
196 4279 310 4343 uivere
331 4277 441 4359 nequit
463 4275 529 4337 sine
553 4272 721 4352 Cerintho,
744 4273 854 4336 ethos
876 4273 962 4351 ignes
984 4271 1081 4333 libere
