2468 4838
143 648 193 689 ntt
554 623 612 686 DE
633 618 754 689 POESI

145 789 250 855 studet
269 791 379 863 Deliae
403 802 438 852 ut
456 800 559 853 tamen
578 788 691 853 audeat
713 789 821 852 fallere
830 808 845 869 3·
860 791 959 852 altero
978 798 1050 872 pont
1071 785 1163 850 dinei·

146 905 249 981 dium,
279 904 365 987 quod
392 915 496 966 ortum
519 916 603 981 erat,
630 905 804 966 obtestatur
827 905 964 985 puellam
992 915 1028 965 ut
1052 901 1165 966 reddet

144 1022 296 1086 favorem.
347 1019 491 1083 Tertium
520 1041 598 1084 vero
628 1041 754 1082 carmen
781 1021 815 1081 in
842 1019 981 1102 Corcyra
1012 1021 1164 1101 scriptum

146 1155 218 1196 cum
236 1145 417 1213 aegrotaret,
436 1135 471 1194 in
486 1133 594 1196 mortio
611 1133 796 1213 cogitatione
815 1144 967 1209 vertatur,
986 1136 1070 1214 quae
1085 1151 1165 1194 non-

144 1247 208 1309 uiai
234 1248 268 1309 in
289 1247 375 1309 exitu
400 1245 575 1309 dimittitur.
624 1247 661 1308 In
688 1244 799 1309 dolore
821 1258 852 1308 et
872 1245 1001 1329 querela
1021 1255 1167 1309 vereatur

146 1362 239 1425 etiam
259 1375 347 1424 sexta
368 1361 482 1442 elegia,
513 1361 569 1423 ubi
595 1359 635 1423 da
658 1360 790 1442 perfidia
818 1379 901 1425 nova
921 1358 1035 1421 Deliae
1056 1357 1168 1438 agitur.

145 1483 288 1547 Primum
316 1483 450 1567 denique
477 1504 619 1559 carmen,
650 1479 736 1566 quod
758 1481 935 1543 felicitatem
959 1478 1016 1541 otii
1033 1498 1113 1542 rnre
1136 1490 1168 1540 et

146 1601 180 1662 in
210 1621 316 1663 amora
346 1598 537 1680 transigendi
568 1611 698 1676 tractat,
732 1600 857 1681 qualem
887 1597 984 1660 babet
1015 1596 1166 1658 eroticam

146 1709 292 1796 partem?
335 1712 428 1776 Sedet
455 1725 548 1793 poeta
577 1710 672 1775 durna
703 1712 820 1774 ianitor
847 1723 919 1774 ante
946 1710 1048 1786 sorae,
1080 1708 1170 1772 flebit

147 1826 223 1890 olim
243 1827 335 1890 Delia
354 1826 388 1888 in
407 1826 519 1887 sunere
539 1825 678 1902 amantia,
699 1822 827 1886 interim
844 1814 1016 1905 iungantur
1036 1842 1171 1901 amorra,

149 1938 224 2002 dum
246 1940 389 2018 frangere
416 1950 520 2019 postea
548 1958 614 2000 non
643 1939 740 2020 putu
768 1949 805 2015 et¹
821 1937 909 2001 rixae
928 1936 1098 2000 inseruiaae
1118 1936 1170 1999 iu·

147 2068 211 2117 vat.
262 2052 347 2130 Quid
369 2049 480 2119 videa?
524 2052 660 2117 Dolorea
690 2048 817 2117 amorii¹
837 2053 1011 2118 mollissimi
1041 2066 1074 2116 et
1101 2054 1171 2136 ipra

61 2193 66 2199 ·
147 2167 261 2250 gaudia
290 2168 369 2231 rixia
398 2169 557 2232 amatoriis
587 2170 696 2232 mixta.
738 2171 841 2252 Atque
868 2171 945 2232 haec
970 2168 1005 2230 in
1032 2168 1170 2231 Deliam.

149 2283 298 2345 Carmina
318 2281 361 2347 ad
385 2281 545 2345 Nemesim
571 2281 707 2347 vidimus
728 2280 823 2344 modo
844 2293 911 2346 tota
939 2283 1033 2364 plena
1062 2281 1171 2365 queri·

152 2399 270 2459 monia.
311 2398 440 2461 Restant
460 2398 520 2460 tria
538 2399 598 2461 iata
618 2395 862 2475 consideranda,
886 2393 1001 2458 ubido
1021 2393 1171 2459 Marathe

149 2509 261 2587 agintr.
303 2511 406 2593 Atque
420 2511 453 2571 in
469 2524 583 2594 quartu
600 2512 675 2572 libri
691 2501 785 2591 pitmi
805 2520 970 2592 praecepta
987 2506 1027 2571 de
1042 2507 1170 2589 eapien-

149 2621 196 2684 dis
217 2625 323 2705 pueris
343 2638 574 2707 proponuntur,
598 2644 679 2708 quae
696 2645 768 2687 cum
787 2625 819 2685 in
839 2624 902 2687 fine
920 2625 1027 2706 iprum·
1041 2637 1171 2707 poetam

150 2735 333 2815 destituant,
362 2751 399 2800 ut
424 2760 464 2800 ne
485 2739 545 2801 sibi
567 2735 695 2820 quidem
716 2735 865 2819 prodeam
885 2756 920 2799 ae
944 2756 1038 2818 parta
1058 2736 1173 2800 aentiat

150 2871 222 2912 cum
253 2851 385 2931 gemitu,
416 2872 537 2913 summa
566 2853 711 2914 carminis
741 2853 907 2914 manifesto
938 2848 990 2947 nd]
1006 2852 1172 2933 querelam

150 2962 247 3041 redit,
275 2964 398 3028 fastidio
419 2966 558 3029 Marathi
585 2986 693 3031 antaee
717 2967 812 3029 modo
834 2965 962 3029 traditae
990 2980 1073 3029 artat
1103 2968 1172 3028 elu-

152 3074 255 3141 dente.
297 3080 335 3141 In
359 3097 444 3142 nono
465 3083 643 3163 gravissime
672 3087 806 3163 exagitat
833 3058 983 3145 infamem
1004 3078 1172 3162 perfidiam

147 3191 240 3271 pueri
260 3211 360 3276 usque
389 3192 429 3256 ad
456 3195 566 3273 finem,
594 3197 628 3258 in
651 3207 763 3260 octavo
786 3193 921 3278 denique
946 3194 1072 3257 delores
1099 3194 1173 3256 Ma·

149 3307 233 3368 ratlai
261 3328 320 3387 per
346 3309 488 3371 Pholoen
510 3322 631 3372 tractat.
681 3311 770 3372 Talia
792 3322 864 3377 eunt
886 3310 1037 3372 amatoria
1059 3320 1173 3390 poetae

150 3423 298 3482 carmina.
339 3422 573 3484 verumetiam
601 3423 658 3484 ubi
682 3423 716 3485 in
741 3423 803 3486 alio
833 3433 1016 3503 argumento
1046 3440 1178 3515 amor-q·

150 3533 264 3612 tangit,
288 3544 322 3594 ut
342 3534 422 3596 solet
441 3536 552 3612 faeere,
574 3556 637 3597 non
654 3538 750 3598 laetos
764 3539 852 3598 luaue
868 3549 899 3598 et
918 3537 1015 3614 iocos,
1035 3532 1092 3597 aad
1111 3533 1173 3598 do-

148 3648 234 3709 lores
251 3644 407 3722 describit,
426 3646 490 3709 vid.
503 3648 527 3724 1,
543 3653 592 3725 10,
605 3654 645 3710 53
657 3669 726 3731 sqq.
743 3649 782 3725 ll,
798 3655 826 3727 1,
839 3657 878 3710 67
892 3669 960 3732 aqq.
981 3655 1009 3727 5,
1027 3654 1087 3710 tot
1100 3669 1173 3734 aqq.

150 3759 295 3823 Carmine
317 3761 420 3839 prime
439 3761 515 3822 libri
535 3760 664 3824 secundi
685 3783 807 3824 sacrum
838 3764 1015 3826 ambarvale
1037 3744 1191 3842 canimr,⁰

149 3876 183 3934 in
205 3873 335 3955 praedio
354 3875 473 3938 Tibulli
495 3877 582 3958 quod
604 3879 652 3955 fit;
683 3890 730 3940 eat
750 3879 845 3958 igitur
867 3892 1086 3959 argumentum
1105 3882 1175 3942 lae·

149 4000 232 4064 tum,
259 3986 314 4050 sed
336 4000 439 4052 tamen
460 4010 526 4051 non
552 3991 667 4053 oblitus
692 4003 739 4052 eat
762 4004 856 4071 poeta
883 3992 1044 4074 querelam
1065 3993 1172 4055 immi·

151 4123 248 4166 acere.
291 4104 375 4167 Talis
406 4105 489 4167 enim
517 4117 564 4168 eet
589 4118 673 4168 totua
703 4103 756 4184 de,
770 4106 885 4167 Amore
912 4105 1053 4166 intextus
1076 4105 1176 4181 locus,

153 4231 183 4276 ut
215 4219 303 4279 facile
333 4221 447 4282 seutiae
462 4218 548 4282 'eum
577 4222 669 4282 etiam
698 4240 827 4282 suerum
854 4232 926 4282 ante
947 4239 1175 4281 aerumnartmt

152 4331 311 4393 recordari
335 4331 408 4394 dum
431 4338 560 4399 scribat:
589 4336 650 4396 llei
672 4337 749 4398 mibi
770 4356 864 4417 quem
884 4333 990 4397 doctae
1010 4355 1097 4397 nunc
1115 4334 1176 4397 laa-
