2468 4838
407 373 411 385 Ι

998 630 1097 677 mlx

67 770 93 847 1,
118 777 147 847 t,
172 773 296 833 11-20.
322 768 502 851 religiosum
532 791 566 835 sa
595 775 746 840 cultorem
774 775 906 842 deorum
927 785 1095 864 agrestium

68 885 218 950 ostendit.
264 883 398 951 Diditur
418 910 437 950 a
457 888 598 970 lapidum
620 903 651 953 et
679 893 818 975 stipitum
848 917 1010 961 sacrorum
1036 922 1096 985 per

67 1018 159 1080 agros
187 999 395 1064 veneratione
423 1022 587 1086 nunquam
619 1010 847 1086 praetermissa.
895 1014 978 1076 Tum
1001 1015 1094 1080 altius

67 1136 199 1196 surgens
219 1118 324 1198 pergit
346 1115 387 1180 ad
407 1136 518 1181 eorum
540 1117 672 1183 deorum
694 1126 821 1203 cultum,
841 1126 897 1209 qui
919 1129 1095 1209 specialiter

67 1231 200 1312 singulis
220 1232 365 1313 partibus
385 1230 507 1314 praedii
528 1236 577 1297 sui
599 1249 769 1317 praesunt,
795 1251 829 1302 et
849 1241 978 1306 Silvano
998 1266 1094 1327 poma

68 1344 186 1409 offerre
206 1364 242 1407 se
263 1344 338 1407 dicit
359 1348 537 1429 quotannis,
560 1347 669 1411 Cereri
690 1371 840 1416 coronam
861 1355 995 1439 spiceam
1018 1381 1093 1442 pro·

69 1458 181 1537 mittit,
209 1459 377 1522 hortentur
404 1480 481 1524 uero
510 1460 570 1526 deo
590 1465 706 1548 Priapo
732 1468 853 1548 signum
873 1472 1007 1537 rubrum
1029 1487 1093 1537 sta·

68 1585 147 1638 teet.
189 1576 365 1652 Postremo,
387 1575 443 1659 qui
464 1578 590 1641 ultimus
607 1592 654 1642 est
670 1580 784 1660 gradus
802 1582 1029 1667 descriptionis,
1050 1586 1091 1650 ad

69 1690 210 1752 universi
233 1687 354 1768 praedii
375 1682 537 1771 praestites
561 1692 754 1755 convertitur
771 1694 879 1759 Lares.
920 1699 1024 1781 Atque
1047 1700 1092 1763 ito

68 1802 225 1867 divisione
245 1805 341 1883 plana
363 1806 579 1899 complectitur
600 1808 706 1870 omnis
727 1820 760 1871 et
785 1814 916 1892 pulchre
942 1834 1000 1894 per
1020 1835 1092 1894 gro·

69 1917 128 1981 dus
149 1915 326 2001 procedens
353 1931 453 1982 totum
481 1925 685 2006 consequitur
706 1926 934 1990 securissimum·
983 1930 1091 1995 Venio

69 2034 228 2098 adolium
249 2036 365 2099 locum.
412 2037 569 2101 Describit
590 2040 629 2114 ll,
653 2047 681 2116 5,
704 2046 819 2103 23-38.
839 2043 977 2122 priscum
998 2044 1090 2108 habi·

69 2167 136 2217 tunt
155 2158 319 2233 locorum,
349 2158 406 2219 ubi
425 2157 527 2222 Roma
556 2157 697 2236 condita,
727 2181 762 2221 ac
787 2182 859 2222 cum
883 2174 1023 2243 pastores
1043 2165 1091 2227 ibi

69 2267 187 2351 degisse
209 2269 287 2333 olim
309 2281 445 2348 constet,
473 2269 505 2332 id
528 2271 591 2350 agit
612 2269 766 2349 suaviter,
793 2284 828 2333 ut
850 2269 890 2334 ad
910 2273 1091 2354 pastoritiae

66 2382 148 2447 ritae
167 2384 336 2466 imaginem
356 2386 516 2465 regionem
537 2398 634 2449 totam
650 2398 787 2450 revocet.
827 2388 865 2449 In
882 2388 1002 2454 Palatio
1016 2412 1091 2455 rac·

68 2517 121 2561 cae
139 2510 317 2580 pascuntur
332 2510 363 2560 et
378 2498 512 2561 humiles
532 2520 621 2562 cesae
638 2511 720 2563 stant
739 2500 775 2563 in
794 2499 961 2584 Capitolio.
1004 2503 1090 2570 Con·

66 2611 244 2692 spiciuntur
263 2631 361 2692 porro
383 2609 516 2674 deorum
531 2614 701 2691 'amulum
718 2613 806 2692 signa
828 2619 887 2677 sub
904 2619 1019 2683 umbra
1038 2641 1089 2686 ar·

66 2727 180 2790 borum
202 2738 235 2788 et
253 2724 370 2807 pendet
388 2726 491 2788 fistula
512 2725 673 2808 pastoritia
692 2724 727 2786 in
740 2726 812 2790 luco
826 2741 935 2792 votum
950 2728 1091 2797 Silvano.

67 2840 217 2923 Denique
236 2860 297 2922 per
318 2837 451 2904 Velabri
471 2858 568 2922 aquas
592 2839 672 2901 festa
700 2837 750 2902 die
773 2841 899 2905 vehitur
921 2846 1028 2925 puella
1048 2844 1090 2908 sd

67 2967 239 3032 amantem,
268 2955 368 3035 gregis
388 2955 588 3034 magistrun,
619 2976 690 3017 cum
714 2975 778 3038 qua
800 2955 935 3021 redeunt
955 2979 1089 3022 munera

66 3071 166 3146 naris,
196 3088 306 3132 osseus
328 3081 359 3131 st
382 3090 490 3150 agnus.
539 3069 638 3132 Vides
665 3069 743 3153 quid
763 3091 813 3132 res
837 3071 887 3133 sit.
929 3071 1017 3134 Dum
1037 3092 1089 3135 re·

66 3183 166 3263 gionis
187 3184 286 3246 totius
306 3182 471 3264 imaginem
494 3180 646 3259 ostendit,
677 3184 771 3244 silves
796 3183 952 3245 montium
971 3195 1004 3246 et
1023 3186 1088 3246 Ve-

65 3299 145 3361 labri
165 3296 287 3376 undas,
314 3298 536 3360 habes-totam
563 3296 659 3360 vitam
680 3296 874 3377 pastoritiam
899 3314 1089 3378 expressam,

66 3416 242 3496 pastionem
269 3433 398 3493 gregum
424 3422 456 3474 et
483 3430 568 3473 cseas
591 3429 616 3473 s.
639 3409 858 3493 quotidianum
882 3430 992 3490 usum,
1020 3420 1089 3473 tum

65 3530 250 3610 religiones,
279 3524 416 3609 denique
445 3546 584 3603 amores,
615 3547 674 3608 per
694 3526 755 3588 tria
776 3538 934 3590 momenta
955 3524 1089 3590 deducta

66 3638 291 3725 descriptione,
322 3661 460 3725 quorum
489 3640 634 3702 ultimum
663 3639 890 3704 suavissimum.
939 3641 1090 3704 Siruiliter

67 3755 238 3821 adornatus
260 3767 307 3818 est
326 3756 414 3818 locus
433 3755 634 3834 1,5,21-3t.
655 3756 711 3817 ubi
726 3753 881 3833 describit,
902 3774 997 3838 quam
1010 3754 1088 3815 ima·

66 3873 187 3953 ginatus
215 3881 302 3948 erat,
331 3868 429 3933 vitam
455 3869 603 3932 rusticam
633 3870 745 3931 Deliae
773 3868 858 3950 opud
883 3887 917 3931 se
940 3866 1089 3930 futuram.

66 3989 109 4049 Ac
131 3987 272 4069 primum
295 3981 336 4046 de
357 3986 488 4065 negotiis
510 3984 600 4061 dicit,
627 3981 665 4045 de
686 3985 813 4063 frugum
833 3977 989 4059 custodia,
1013 4000 1089 4044 con·

66 4103 243 4164 motione
264 4118 399 4183 uvarum
420 4110 451 4160 et
471 4096 583 4175 musti,
610 4116 686 4158 curs
707 4095 830 4178 pecoris
851 4113 1088 4177 servorumque,

65 4214 177 4280 deinde
207 4212 342 4279 eandem
367 4214 460 4275 etiam
481 4213 587 4277 dirim
610 4235 720 4276 curare
741 4213 815 4275 fucit
839 4222 870 4273 et
890 4211 1005 4275 offerre
1028 4209 1089 4273 Sil·

63 4350 145 4394 sano
171 4350 234 4414 pro
257 4326 375 4394 sitibus
401 4348 513 4404 uvam,
543 4349 603 4411 pro
632 4340 733 4408 segete
762 4325 878 4410 spicas,
908 4343 968 4407 pro
997 4343 1088 4405 grege
