<?xml version="1.0" encoding="UTF-8"?>
<!DOCTYPE html PUBLIC "-//W3C//DTD XHTML 1.0 Transitional//EN"
    "http://www.w3.org/TR/xhtml1/DTD/xhtml1-transitional.dtd">
<html xmlns="http://www.w3.org/1999/xhtml" xml:lang="en" lang="en">
 <head>
  <title>
</title>
<meta http-equiv="Content-Type" content="text/html;charset=utf-8" />
  <meta name='ocr-system' content='tesseract 3.04.00' />
  <meta name='ocr-capabilities' content='ocr_page ocr_carea ocr_par ocr_line ocrx_word'/>
</head>
<body>
  <div class='ocr_page' id='page_1' title='image "albiitibullicar00dissgoog_0115.png"; bbox 0 0 2468 4838; ppageno 0'>
   <div class='ocr_carea' id='block_1_1' title="bbox 146 600 755 709">
    <p class='ocr_par' dir='ltr' id='par_1_1' title="bbox 146 600 755 709">
     <span class='ocr_line' id='line_1_1' title="bbox 146 600 755 709; baseline -0.008 -36"><span class='ocrx_word' id='word_1_1' title='bbox 146 630 187 673; x_wconf 85' lang='lat' dir='ltr'><strong>cx</strong></span> <span class='ocrx_word' id='word_1_2' title='bbox 328 702 332 709; x_wconf 67' lang='lat'><strong>,</strong></span> <span class='ocrx_word' id='word_1_3' title='bbox 555 604 613 669; x_wconf 85' lang='lat' dir='ltr'><strong>DE</strong></span> <span class='ocrx_word' id='word_1_4' title='bbox 637 600 755 669; x_wconf 72' lang='lat' dir='ltr'><strong>Pouet</strong></span> 
     </span>
    </p>
   </div>
   <div class='ocr_carea' id='block_1_2' title="bbox 140 766 1226 4405">
    <p class='ocr_par' dir='ltr' id='par_1_2' title="bbox 140 766 1170 3484">
     <span class='ocr_line' id='line_1_2' title="bbox 143 766 1170 862; baseline -0.003 -18"><span class='ocrx_word' id='word_1_5' title='bbox 143 798 219 862; x_wconf 83' lang='lat' dir='ltr'><strong>psrs</strong></span> <span class='ocrx_word' id='word_1_6' title='bbox 248 774 472 844; x_wconf 72' lang='lat' dir='ltr'><strong>sollicitudines</strong></span> <span class='ocrx_word' id='word_1_7' title='bbox 498 774 538 839; x_wconf 86' lang='lat' dir='ltr'><strong>de</strong></span> <span class='ocrx_word' id='word_1_8' title='bbox 566 773 795 853; x_wconf 72' lang='lat' dir='ltr'><strong>incolumitate,</strong></span> <span class='ocrx_word' id='word_1_9' title='bbox 825 777 923 840; x_wconf 84' lang='lat' dir='ltr'><strong>selute</strong></span> <span class='ocrx_word' id='word_1_10' title='bbox 947 766 1060 857; x_wconf 81' lang='lat' dir='ltr'><strong>lubet,</strong></span> <span class='ocrx_word' id='word_1_11' title='bbox 1090 779 1170 841; x_wconf 90' lang='lat' dir='ltr'><strong>allo·</strong></span> 
     </span>
     <span class='ocr_line' id='line_1_3' title="bbox 144 890 1169 981; baseline -0.003 -24"><span class='ocrx_word' id='word_1_12' title='bbox 144 897 253 981; x_wconf 84' lang='lat' dir='ltr'><strong>quitur</strong></span> <span class='ocrx_word' id='word_1_13' title='bbox 264 896 369 976; x_wconf 87' lang='lat' dir='ltr'><strong>puella</strong></span> <span class='ocrx_word' id='word_1_14' title='bbox 384 913 496 975; x_wconf 87' lang='lat' dir='ltr'><strong>aprum</strong></span> <span class='ocrx_word' id='word_1_15' title='bbox 512 912 553 954; x_wconf 91' lang='lat' dir='ltr'><strong>ne</strong></span> <span class='ocrx_word' id='word_1_16' title='bbox 570 904 680 957; x_wconf 87' lang='lat' dir='ltr'><strong>noceat</strong></span> <span class='ocrx_word' id='word_1_17' title='bbox 695 904 807 971; x_wconf 81' lang='lat' dir='ltr'><strong>smstc,</strong></span> <span class='ocrx_word' id='word_1_18' title='bbox 826 890 997 955; x_wconf 87' lang='lat' dir='ltr'><strong>detestatur</strong></span> <span class='ocrx_word' id='word_1_19' title='bbox 1009 902 1169 955; x_wconf 70' lang='lat' dir='ltr'>crescente</span> 
     </span>
     <span class='ocr_line' id='line_1_4' title="bbox 143 1004 1169 1083; baseline -0.005 -11"><span class='ocrx_word' id='word_1_20' title='bbox 143 1009 258 1072; x_wconf 80' lang='lat' dir='ltr'><strong>affectu</strong></span> <span class='ocrx_word' id='word_1_21' title='bbox 286 1009 380 1072; x_wconf 82' lang='lat' dir='ltr'><strong>silves</strong></span> <span class='ocrx_word' id='word_1_22' title='bbox 409 1017 439 1068; x_wconf 87' lang='lat' dir='ltr'><strong>et</strong></span> <span class='ocrx_word' id='word_1_23' title='bbox 465 1005 682 1083; x_wconf 81' lang='lat' dir='ltr'><strong>uenationem,</strong></span> <span class='ocrx_word' id='word_1_24' title='bbox 717 1017 753 1067; x_wconf 89' lang='lat' dir='ltr'><strong>ut</strong></span> <span class='ocrx_word' id='word_1_25' title='bbox 782 1006 918 1068; x_wconf 87' lang='lat' dir='ltr'><strong>solemus</strong></span> <span class='ocrx_word' id='word_1_26' title='bbox 947 1004 1039 1068; x_wconf 81' lang='lat' dir='ltr'><strong>irasci</strong></span> <span class='ocrx_word' id='word_1_27' title='bbox 1068 1004 1169 1067; x_wconf 86' lang='lat' dir='ltr'><strong>causis</strong></span> 
     </span>
     <span class='ocr_line' id='line_1_5' title="bbox 142 1113 1169 1206; baseline -0.005 -21"><span class='ocrx_word' id='word_1_28' title='bbox 142 1122 368 1206; x_wconf 72' lang='lat' dir='ltr'><strong>periculorum.</strong></span> <span class='ocrx_word' id='word_1_29' title='bbox 408 1114 493 1194; x_wconf 86' lang='lat' dir='ltr'><strong>Quid</strong></span> <span class='ocrx_word' id='word_1_30' title='bbox 514 1136 591 1180; x_wconf 81' lang='lat' dir='ltr'><strong>sero</strong></span> <span class='ocrx_word' id='word_1_31' title='bbox 612 1118 647 1179; x_wconf 91' lang='lat' dir='ltr'><strong>in</strong></span> <span class='ocrx_word' id='word_1_32' title='bbox 669 1119 766 1180; x_wconf 86' lang='lat' dir='ltr'><strong>alteru</strong></span> <span class='ocrx_word' id='word_1_33' title='bbox 791 1128 881 1199; x_wconf 87' lang='lat' dir='ltr'><strong>psrte</strong></span> <span class='ocrx_word' id='word_1_34' title='bbox 902 1113 1002 1179; x_wconf 80' lang='lat' dir='ltr'><strong>dicut</strong></span> <span class='ocrx_word' id='word_1_35' title='bbox 1043 1114 1169 1180; x_wconf 80' lang='lat' dir='ltr'><strong>Nihilo·</strong></span> 
     </span>
     <span class='ocr_line' id='line_1_6' title="bbox 143 1228 1170 1314; baseline -0.002 -17"><span class='ocrx_word' id='word_1_36' title='bbox 143 1228 261 1314; x_wconf 80' lang='lat' dir='ltr'><strong>minus,</strong></span> <span class='ocrx_word' id='word_1_37' title='bbox 283 1232 339 1310; x_wconf 90' lang='lat' dir='ltr'><strong>ait,</strong></span> <span class='ocrx_word' id='word_1_38' title='bbox 361 1235 412 1298; x_wconf 82' lang='lat' dir='ltr'><strong>rel</strong></span> <span class='ocrx_word' id='word_1_39' title='bbox 428 1234 488 1296; x_wconf 85' lang='lat' dir='ltr'><strong>ists</strong></span> <span class='ocrx_word' id='word_1_40' title='bbox 501 1230 597 1296; x_wconf 89' lang='lat' dir='ltr'><strong>modo</strong></span> <span class='ocrx_word' id='word_1_41' title='bbox 614 1231 763 1296; x_wconf 77' lang='lat' dir='ltr'><strong>detestata</strong></span> <span class='ocrx_word' id='word_1_42' title='bbox 779 1230 978 1295; x_wconf 84' lang='lat' dir='ltr'><strong>incommoda</strong></span> <span class='ocrx_word' id='word_1_43' title='bbox 992 1232 1170 1296; x_wconf 78' lang='lat' dir='ltr'><strong>venationis</strong></span> 
     </span>
     <span class='ocr_line' id='line_1_7' title="bbox 143 1345 1169 1425; baseline 0.001 -16"><span class='ocrx_word' id='word_1_44' title='bbox 143 1349 257 1409; x_wconf 88' lang='lat' dir='ltr'><strong>lubens</strong></span> <span class='ocrx_word' id='word_1_45' title='bbox 284 1347 418 1425; x_wconf 82' lang='lat' dir='ltr'><strong>ferrem,</strong></span> <span class='ocrx_word' id='word_1_46' title='bbox 454 1348 482 1409; x_wconf 92' lang='lat' dir='ltr'><strong>si</strong></span> <span class='ocrx_word' id='word_1_47' title='bbox 511 1345 607 1410; x_wconf 91' lang='lat' dir='ltr'><strong>modo</strong></span> <span class='ocrx_word' id='word_1_48' title='bbox 640 1368 712 1410; x_wconf 87' lang='lat' dir='ltr'><strong>cum</strong></span> <span class='ocrx_word' id='word_1_49' title='bbox 740 1358 843 1409; x_wconf 88' lang='lat' dir='ltr'><strong>amato</strong></span> <span class='ocrx_word' id='word_1_50' title='bbox 872 1365 971 1408; x_wconf 89' lang='lat' dir='ltr'><strong>essem</strong></span> <span class='ocrx_word' id='word_1_51' title='bbox 1000 1357 1033 1408; x_wconf 85' lang='lat' dir='ltr'><strong>st</strong></span> <span class='ocrx_word' id='word_1_52' title='bbox 1062 1366 1169 1410; x_wconf 86' lang='lat' dir='ltr'><strong>amere</strong></span> 
     </span>
     <span class='ocr_line' id='line_1_8' title="bbox 144 1458 1169 1541; baseline 0 -18"><span class='ocrx_word' id='word_1_53' title='bbox 144 1461 211 1523; x_wconf 91' lang='lat' dir='ltr'><strong>eius</strong></span> <span class='ocrx_word' id='word_1_54' title='bbox 232 1460 370 1538; x_wconf 70' lang='lat' dir='ltr'><strong>fruerer,</strong></span> <span class='ocrx_word' id='word_1_55' title='bbox 393 1479 477 1521; x_wconf 90' lang='lat' dir='ltr'><strong>nunc</strong></span> <span class='ocrx_word' id='word_1_56' title='bbox 497 1471 602 1521; x_wconf 82' lang='lat' dir='ltr'><strong>sutem</strong></span> <span class='ocrx_word' id='word_1_57' title='bbox 623 1458 799 1541; x_wconf 73' lang='lat' dir='ltr'><strong>zelotypiae</strong></span> <span class='ocrx_word' id='word_1_58' title='bbox 820 1470 907 1522; x_wconf 87' lang='lat' dir='ltr'><strong>metu</strong></span> <span class='ocrx_word' id='word_1_59' title='bbox 928 1458 1001 1540; x_wconf 76' lang='lat' dir='ltr'><strong>angi</strong></span> <span class='ocrx_word' id='word_1_60' title='bbox 1020 1478 1054 1522; x_wconf 90' lang='lat' dir='ltr'><strong>se</strong></span> <span class='ocrx_word' id='word_1_61' title='bbox 1074 1460 1169 1540; x_wconf 81' lang='lat' dir='ltr'><strong>signi·</strong></span> 
     </span>
     <span class='ocr_line' id='line_1_9' title="bbox 143 1566 1170 1653; baseline 0.002 -18"><span class='ocrx_word' id='word_1_62' title='bbox 143 1573 232 1652; x_wconf 84' lang='lat' dir='ltr'><strong>licet,</strong></span> <span class='ocrx_word' id='word_1_63' title='bbox 253 1592 294 1635; x_wconf 88' lang='lat' dir='ltr'><strong>ne</strong></span> <span class='ocrx_word' id='word_1_64' title='bbox 316 1572 376 1633; x_wconf 88' lang='lat' dir='ltr'><strong>elia</strong></span> <span class='ocrx_word' id='word_1_65' title='bbox 396 1571 479 1635; x_wconf 81' lang='lat' dir='ltr'><strong>ferte</strong></span> <span class='ocrx_word' id='word_1_66' title='bbox 498 1566 562 1635; x_wconf 87' lang='lat' dir='ltr'><strong>illic</strong></span> <span class='ocrx_word' id='word_1_67' title='bbox 583 1571 700 1633; x_wconf 83' lang='lat' dir='ltr'><strong>femina</strong></span> <span class='ocrx_word' id='word_1_68' title='bbox 721 1572 872 1653; x_wconf 73' lang='lat' dir='ltr'><strong>subrepet</strong></span> <span class='ocrx_word' id='word_1_69' title='bbox 891 1573 997 1637; x_wconf 78' lang='lat' dir='ltr'><strong>favori</strong></span> <span class='ocrx_word' id='word_1_70' title='bbox 1015 1570 1170 1637; x_wconf 73' lang='lat' dir='ltr'><strong>cerinthi.</strong></span> 
     </span>
     <span class='ocr_line' id='line_1_10' title="bbox 143 1684 1169 1770; baseline 0 -19"><span class='ocrx_word' id='word_1_71' title='bbox 143 1684 242 1752; x_wconf 88' lang='lat' dir='ltr'><strong>Vides</strong></span> <span class='ocrx_word' id='word_1_72' title='bbox 263 1684 341 1769; x_wconf 87' lang='lat' dir='ltr'><strong>quid</strong></span> <span class='ocrx_word' id='word_1_73' title='bbox 362 1704 412 1748; x_wconf 88' lang='lat' dir='ltr'><strong>res</strong></span> <span class='ocrx_word' id='word_1_74' title='bbox 429 1684 490 1747; x_wconf 73' lang='lat' dir='ltr'><strong>site</strong></span> <span class='ocrx_word' id='word_1_75' title='bbox 519 1704 585 1747; x_wconf 90' lang='lat' dir='ltr'><strong>non</strong></span> <span class='ocrx_word' id='word_1_76' title='bbox 606 1687 711 1748; x_wconf 79' lang='lat' dir='ltr'><strong>themu</strong></span> <span class='ocrx_word' id='word_1_77' title='bbox 733 1686 824 1767; x_wconf 89' lang='lat' dir='ltr'><strong>prior</strong></span> <span class='ocrx_word' id='word_1_78' title='bbox 845 1706 918 1769; x_wconf 86' lang='lat' dir='ltr'><strong>pars</strong></span> <span class='ocrx_word' id='word_1_79' title='bbox 938 1688 1051 1765; x_wconf 83' lang='lat' dir='ltr'><strong>bnbst,</strong></span> <span class='ocrx_word' id='word_1_80' title='bbox 1081 1684 1169 1770; x_wconf 87' lang='lat' dir='ltr'><strong>quod</strong></span> 
     </span>
     <span class='ocr_line' id='line_1_11' title="bbox 143 1800 1170 1885; baseline 0.003 -22"><span class='ocrx_word' id='word_1_81' title='bbox 143 1800 279 1882; x_wconf 81' lang='lat' dir='ltr'><strong>explicet</strong></span> <span class='ocrx_word' id='word_1_82' title='bbox 296 1803 406 1876; x_wconf 85' lang='lat' dir='ltr'><strong>alters,</strong></span> <span class='ocrx_word' id='word_1_83' title='bbox 428 1821 485 1863; x_wconf 89' lang='lat' dir='ltr'><strong>nec</strong></span> <span class='ocrx_word' id='word_1_84' title='bbox 502 1805 704 1884; x_wconf 75' lang='lat' dir='ltr'><strong>persequitur</strong></span> <span class='ocrx_word' id='word_1_85' title='bbox 721 1804 813 1879; x_wconf 81' lang='lat' dir='ltr'><strong>brec,</strong></span> <span class='ocrx_word' id='word_1_86' title='bbox 835 1822 913 1884; x_wconf 82' lang='lat' dir='ltr'><strong>quas</strong></span> <span class='ocrx_word' id='word_1_87' title='bbox 930 1804 1020 1884; x_wconf 88' lang='lat' dir='ltr'><strong>prior</strong></span> <span class='ocrx_word' id='word_1_88' title='bbox 1037 1805 1170 1885; x_wconf 83' lang='lat' dir='ltr'><strong>exponit</strong></span> 
     </span>
     <span class='ocr_line' id='line_1_12' title="bbox 143 1910 1169 1997; baseline 0.005 -22"><span class='ocrx_word' id='word_1_89' title='bbox 143 1910 383 1988; x_wconf 84' lang='lat' dir='ltr'><strong>sollicitudines,</strong></span> <span class='ocrx_word' id='word_1_90' title='bbox 415 1911 471 1974; x_wconf 91' lang='lat' dir='ltr'><strong>sed</strong></span> <span class='ocrx_word' id='word_1_91' title='bbox 496 1913 558 1975; x_wconf 88' lang='lat' dir='ltr'><strong>alio</strong></span> <span class='ocrx_word' id='word_1_92' title='bbox 583 1932 668 1976; x_wconf 82' lang='lat' dir='ltr'><strong>noro</strong></span> <span class='ocrx_word' id='word_1_93' title='bbox 692 1914 787 1979; x_wconf 89' lang='lat' dir='ltr'><strong>modo</strong></span> <span class='ocrx_word' id='word_1_94' title='bbox 813 1914 954 1997; x_wconf 79' lang='lat' dir='ltr'><strong>depingit</strong></span> <span class='ocrx_word' id='word_1_95' title='bbox 979 1914 1169 1980; x_wconf 86' lang='lat' dir='ltr'><strong>desiderium</strong></span> 
     </span>
     <span class='ocr_line' id='line_1_13' title="bbox 144 2028 1169 2111; baseline 0.003 -19"><span class='ocrx_word' id='word_1_96' title='bbox 144 2030 277 2092; x_wconf 87' lang='lat' dir='ltr'><strong>amantis</strong></span> <span class='ocrx_word' id='word_1_97' title='bbox 300 2030 441 2111; x_wconf 90' lang='lat' dir='ltr'><strong>puellae,</strong></span> <span class='ocrx_word' id='word_1_98' title='bbox 470 2028 555 2091; x_wconf 87' lang='lat' dir='ltr'><strong>aliud</strong></span> <span class='ocrx_word' id='word_1_99' title='bbox 579 2049 698 2094; x_wconf 76' lang='lat' dir='ltr'><strong>novum</strong></span> <span class='ocrx_word' id='word_1_100' title='bbox 720 2029 838 2095; x_wconf 89' lang='lat' dir='ltr'><strong>doloris</strong></span> <span class='ocrx_word' id='word_1_101' title='bbox 857 2046 1051 2096; x_wconf 89' lang='lat' dir='ltr'><strong>momentum</strong></span> <span class='ocrx_word' id='word_1_102' title='bbox 1072 2032 1169 2096; x_wconf 85' lang='lat' dir='ltr'><strong>addit.</strong></span> 
     </span>
     <span class='ocr_line' id='line_1_14' title="bbox 143 2139 1170 2226; baseline 0.005 -21"><span class='ocrx_word' id='word_1_103' title='bbox 143 2143 255 2205; x_wconf 88' lang='lat' dir='ltr'><strong>Exitus</strong></span> <span class='ocrx_word' id='word_1_104' title='bbox 280 2139 417 2225; x_wconf 88' lang='lat' dir='ltr'><strong>denique</strong></span> <span class='ocrx_word' id='word_1_105' title='bbox 446 2142 552 2204; x_wconf 88' lang='lat' dir='ltr'><strong>omnia</strong></span> <span class='ocrx_word' id='word_1_106' title='bbox 572 2155 647 2207; x_wconf 83' lang='lat' dir='ltr'><strong>rota</strong></span> <span class='ocrx_word' id='word_1_107' title='bbox 675 2146 883 2226; x_wconf 87' lang='lat' dir='ltr'><strong>complectens</strong></span> <span class='ocrx_word' id='word_1_108' title='bbox 907 2146 1055 2209; x_wconf 86' lang='lat' dir='ltr'><strong>hortatur</strong></span> <span class='ocrx_word' id='word_1_109' title='bbox 1077 2147 1170 2211; x_wconf 82' lang='lat' dir='ltr'><strong>iuve-</strong></span> 
     </span>
     <span class='ocr_line' id='line_1_15' title="bbox 145 2260 1169 2344; baseline 0.003 -25"><span class='ocrx_word' id='word_1_110' title='bbox 145 2278 235 2335; x_wconf 86' lang='lat' dir='ltr'><strong>nem,</strong></span> <span class='ocrx_word' id='word_1_111' title='bbox 257 2268 293 2320; x_wconf 90' lang='lat' dir='ltr'><strong>ut</strong></span> <span class='ocrx_word' id='word_1_112' title='bbox 314 2277 410 2341; x_wconf 84' lang='lat' dir='ltr'><strong>quem</strong></span> <span class='ocrx_word' id='word_1_113' title='bbox 431 2260 568 2339; x_wconf 88' lang='lat' dir='ltr'><strong>primum</strong></span> <span class='ocrx_word' id='word_1_114' title='bbox 589 2271 733 2323; x_wconf 87' lang='lat' dir='ltr'><strong>recurrat</strong></span> <span class='ocrx_word' id='word_1_115' title='bbox 752 2261 785 2322; x_wconf 90' lang='lat' dir='ltr'><strong>in</strong></span> <span class='ocrx_word' id='word_1_116' title='bbox 807 2262 912 2325; x_wconf 89' lang='lat' dir='ltr'><strong>sinum</strong></span> <span class='ocrx_word' id='word_1_117' title='bbox 933 2264 1060 2344; x_wconf 84' lang='lat' dir='ltr'><strong>puellae</strong></span> <span class='ocrx_word' id='word_1_118' title='bbox 1080 2280 1169 2324; x_wconf 87' lang='lat' dir='ltr'><strong>suae.</strong></span> 
     </span>
     <span class='ocr_line' id='line_1_16' title="bbox 143 2371 1169 2458; baseline -0.001 -22"><span class='ocrx_word' id='word_1_119' title='bbox 143 2371 277 2436; x_wconf 84' lang='lat' dir='ltr'><strong>Csrmen</strong></span> <span class='ocrx_word' id='word_1_120' title='bbox 307 2384 469 2454; x_wconf 79' lang='lat' dir='ltr'><strong>praeterea</strong></span> <span class='ocrx_word' id='word_1_121' title='bbox 495 2373 657 2436; x_wconf 90' lang='lat' dir='ltr'><strong>luculento</strong></span> <span class='ocrx_word' id='word_1_122' title='bbox 686 2376 832 2455; x_wconf 84' lang='lat' dir='ltr'><strong>exemplo</strong></span> <span class='ocrx_word' id='word_1_123' title='bbox 860 2372 1012 2452; x_wconf 79' lang='lat' dir='ltr'><strong>ostendit,</strong></span> <span class='ocrx_word' id='word_1_124' title='bbox 1049 2385 1169 2458; x_wconf 87' lang='lat' dir='ltr'><strong>qunnta</strong></span> 
     </span>
     <span class='ocr_line' id='line_1_17' title="bbox 142 2486 1169 2569; baseline -0.001 -20"><span class='ocrx_word' id='word_1_125' title='bbox 142 2489 195 2550; x_wconf 80' lang='lat' dir='ltr'><strong>uel</strong></span> <span class='ocrx_word' id='word_1_126' title='bbox 215 2487 249 2548; x_wconf 88' lang='lat' dir='ltr'><strong>in</strong></span> <span class='ocrx_word' id='word_1_127' title='bbox 271 2486 404 2567; x_wconf 87' lang='lat' dir='ltr'><strong>simplici</strong></span> <span class='ocrx_word' id='word_1_128' title='bbox 426 2497 610 2565; x_wconf 76' lang='lat' dir='ltr'><strong>argumento</strong></span> <span class='ocrx_word' id='word_1_129' title='bbox 632 2487 767 2549; x_wconf 78' lang='lat' dir='ltr'><strong>serietas</strong></span> <span class='ocrx_word' id='word_1_130' title='bbox 786 2489 953 2550; x_wconf 79' lang='lat' dir='ltr'><strong>affectuum</strong></span> <span class='ocrx_word' id='word_1_131' title='bbox 971 2488 1072 2569; x_wconf 89' lang='lat' dir='ltr'><strong>possit</strong></span> <span class='ocrx_word' id='word_1_132' title='bbox 1090 2507 1169 2564; x_wconf 86' lang='lat' dir='ltr'><strong>esse,</strong></span> 
     </span>
     <span class='ocr_line' id='line_1_18' title="bbox 143 2597 1168 2684; baseline 0 -21"><span class='ocrx_word' id='word_1_133' title='bbox 143 2599 183 2663; x_wconf 90' lang='lat' dir='ltr'><strong>de</strong></span> <span class='ocrx_word' id='word_1_134' title='bbox 208 2621 273 2684; x_wconf 80' lang='lat' dir='ltr'><strong>qus</strong></span> <span class='ocrx_word' id='word_1_135' title='bbox 297 2620 333 2662; x_wconf 88' lang='lat' dir='ltr'><strong>re</strong></span> <span class='ocrx_word' id='word_1_136' title='bbox 360 2601 392 2661; x_wconf 88' lang='lat' dir='ltr'><strong>in</strong></span> <span class='ocrx_word' id='word_1_137' title='bbox 418 2598 658 2662; x_wconf 82' lang='lat' dir='ltr'><strong>Commentariis</strong></span> <span class='ocrx_word' id='word_1_138' title='bbox 684 2597 761 2662; x_wconf 83' lang='lat' dir='ltr'><strong>dixi.</strong></span> <span class='ocrx_word' id='word_1_139' title='bbox 811 2599 894 2663; x_wconf 89' lang='lat' dir='ltr'><strong>Vide</strong></span> <span class='ocrx_word' id='word_1_140' title='bbox 921 2620 1007 2662; x_wconf 87' lang='lat' dir='ltr'><strong>nunc</strong></span> <span class='ocrx_word' id='word_1_141' title='bbox 1035 2598 1168 2663; x_wconf 75' lang='lat' dir='ltr'><strong>eundem</strong></span> 
     </span>
     <span class='ocr_line' id='line_1_19' title="bbox 142 2716 1167 2797; baseline -0.004 -16"><span class='ocrx_word' id='word_1_142' title='bbox 142 2720 276 2781; x_wconf 80' lang='lat' dir='ltr'><strong>formam</strong></span> <span class='ocrx_word' id='word_1_143' title='bbox 305 2716 540 2797; x_wconf 86' lang='lat' dir='ltr'><strong>compositionis</strong></span> <span class='ocrx_word' id='word_1_144' title='bbox 569 2717 604 2778; x_wconf 91' lang='lat' dir='ltr'><strong>in</strong></span> <span class='ocrx_word' id='word_1_145' title='bbox 635 2717 772 2779; x_wconf 78' lang='lat' dir='ltr'><strong>carmine</strong></span> <span class='ocrx_word' id='word_1_146' title='bbox 803 2717 866 2794; x_wconf 79' lang='grc' dir='ltr'><strong>Ν,</strong></span> <span class='ocrx_word' id='word_1_147' title='bbox 883 2718 920 2787; x_wconf 21' lang='grc'><strong>«4.</strong></span> <span class='ocrx_word' id='word_1_148' title='bbox 976 2716 1167 2796; x_wconf 78' lang='lat' dir='ltr'><strong>Aegrutsnts</strong></span> 
     </span>
     <span class='ocr_line' id='line_1_20' title="bbox 141 2836 1166 2920; baseline -0.003 -20"><span class='ocrx_word' id='word_1_149' title='bbox 141 2836 280 2920; x_wconf 77' lang='lat' dir='ltr'><strong>Sulpicia</strong></span> <span class='ocrx_word' id='word_1_150' title='bbox 303 2849 396 2920; x_wconf 87' lang='lat' dir='ltr'><strong>poeta</strong></span> <span class='ocrx_word' id='word_1_151' title='bbox 417 2838 596 2918; x_wconf 81' lang='lat' dir='ltr'><strong>Apollinem</strong></span> <span class='ocrx_word' id='word_1_152' title='bbox 618 2837 759 2913; x_wconf 82' lang='lat' dir='ltr'><strong>invocet,</strong></span> <span class='ocrx_word' id='word_1_153' title='bbox 789 2847 821 2896; x_wconf 89' lang='lat' dir='ltr'><strong>et</strong></span> <span class='ocrx_word' id='word_1_154' title='bbox 841 2836 1020 2897; x_wconf 78' lang='lat' dir='ltr'><strong>contimtnr</strong></span> <span class='ocrx_word' id='word_1_155' title='bbox 1043 2856 1166 2903; x_wconf 71' lang='lat' dir='ltr'><strong>stemma</strong></span> 
     </span>
     <span class='ocr_line' id='line_1_21' title="bbox 142 2944 1166 3032; baseline 0 -20"><span class='ocrx_word' id='word_1_156' title='bbox 142 2948 266 3030; x_wconf 79' lang='lat' dir='ltr'><strong>elegidii</strong></span> <span class='ocrx_word' id='word_1_157' title='bbox 290 2949 414 3032; x_wconf 85' lang='lat' dir='ltr'><strong>pulchri</strong></span> <span class='ocrx_word' id='word_1_158' title='bbox 439 2951 635 3030; x_wconf 80' lang='lat' dir='ltr'><strong>precatione,</strong></span> <span class='ocrx_word' id='word_1_159' title='bbox 663 2960 699 3011; x_wconf 88' lang='lat' dir='ltr'><strong>ut</strong></span> <span class='ocrx_word' id='word_1_160' title='bbox 718 2944 882 3011; x_wconf 81' lang='lat' dir='ltr'><strong>medeatur</strong></span> <span class='ocrx_word' id='word_1_161' title='bbox 901 2946 988 3011; x_wconf 89' lang='lat' dir='ltr'><strong>deus.</strong></span> <span class='ocrx_word' id='word_1_162' title='bbox 1031 2948 1079 3013; x_wconf 84' lang='lat' dir='ltr'><strong>Ac</strong></span> <span class='ocrx_word' id='word_1_163' title='bbox 1100 2950 1166 3032; x_wconf 87' lang='lat' dir='ltr'><strong>pri·</strong></span> 
     </span>
     <span class='ocr_line' id='line_1_22' title="bbox 141 3060 1167 3146; baseline -0.002 -19"><span class='ocrx_word' id='word_1_164' title='bbox 141 3084 229 3127; x_wconf 88' lang='lat' dir='ltr'><strong>mum</strong></span> <span class='ocrx_word' id='word_1_165' title='bbox 248 3063 375 3127; x_wconf 82' lang='lat' dir='ltr'><strong>invocat</strong></span> <span class='ocrx_word' id='word_1_166' title='bbox 394 3060 505 3140; x_wconf 87' lang='lat' dir='ltr'><strong>deum,</strong></span> <span class='ocrx_word' id='word_1_167' title='bbox 524 3075 560 3126; x_wconf 93' lang='lat' dir='ltr'><strong>ut</strong></span> <span class='ocrx_word' id='word_1_168' title='bbox 581 3063 705 3146; x_wconf 81' lang='lat' dir='ltr'><strong>puellae</strong></span> <span class='ocrx_word' id='word_1_169' title='bbox 725 3063 872 3126; x_wconf 88' lang='lat' dir='ltr'><strong>morbum</strong></span> <span class='ocrx_word' id='word_1_170' title='bbox 893 3061 1041 3142; x_wconf 81' lang='lat' dir='ltr'><strong>expellat.</strong></span> <span class='ocrx_word' id='word_1_171' title='bbox 1082 3062 1167 3125; x_wconf 84' lang='lat' dir='ltr'><strong>Turn</strong></span> 
     </span>
     <span class='ocr_line' id='line_1_23' title="bbox 140 3174 1167 3241; baseline 0.002 -3"><span class='ocrx_word' id='word_1_172' title='bbox 140 3177 256 3239; x_wconf 87' lang='lat' dir='ltr'><strong>iterum</strong></span> <span class='ocrx_word' id='word_1_173' title='bbox 274 3196 350 3239; x_wconf 89' lang='lat' dir='ltr'><strong>eum</strong></span> <span class='ocrx_word' id='word_1_174' title='bbox 371 3189 463 3241; x_wconf 79' lang='lat' dir='ltr'><strong>vocet</strong></span> <span class='ocrx_word' id='word_1_175' title='bbox 487 3197 559 3240; x_wconf 89' lang='lat' dir='ltr'><strong>cum</strong></span> <span class='ocrx_word' id='word_1_176' title='bbox 582 3174 814 3240; x_wconf 73' lang='lat' dir='ltr'><strong>medicamentis</strong></span> <span class='ocrx_word' id='word_1_177' title='bbox 836 3176 984 3239; x_wconf 88' lang='lat' dir='ltr'><strong>omnibus</strong></span> <span class='ocrx_word' id='word_1_178' title='bbox 1010 3187 1042 3238; x_wconf 92' lang='lat' dir='ltr'><strong>et</strong></span> <span class='ocrx_word' id='word_1_179' title='bbox 1067 3178 1167 3240; x_wconf 86' lang='lat' dir='ltr'><strong>canti·</strong></span> 
     </span>
     <span class='ocr_line' id='line_1_24' title="bbox 142 3289 1167 3371; baseline 0.001 -18"><span class='ocrx_word' id='word_1_180' title='bbox 142 3292 219 3368; x_wconf 88' lang='lat' dir='ltr'><strong>bus,</strong></span> <span class='ocrx_word' id='word_1_181' title='bbox 248 3303 285 3354; x_wconf 88' lang='lat' dir='ltr'><strong>ut</strong></span> <span class='ocrx_word' id='word_1_182' title='bbox 303 3291 427 3354; x_wconf 84' lang='lat' dir='ltr'><strong>iuvenis</strong></span> <span class='ocrx_word' id='word_1_183' title='bbox 448 3291 580 3352; x_wconf 83' lang='lat' dir='ltr'><strong>ementis</strong></span> <span class='ocrx_word' id='word_1_184' title='bbox 601 3289 742 3351; x_wconf 84' lang='lat' dir='ltr'><strong>anxietas</strong></span> <span class='ocrx_word' id='word_1_185' title='bbox 763 3290 923 3368; x_wconf 82' lang='lat' dir='ltr'><strong>solvatur,</strong></span> <span class='ocrx_word' id='word_1_186' title='bbox 951 3289 1008 3371; x_wconf 86' lang='lat' dir='ltr'><strong>qui</strong></span> <span class='ocrx_word' id='word_1_187' title='bbox 1030 3302 1167 3354; x_wconf 88' lang='lat' dir='ltr'><strong>mortem</strong></span> 
     </span>
     <span class='ocr_line' id='line_1_25' title="bbox 142 3376 1168 3484; baseline 0 -18"><span class='ocrx_word' id='word_1_188' title='bbox 142 3419 261 3467; x_wconf 73' lang='lat' dir='ltr'><strong>amatae</strong></span> <span class='ocrx_word' id='word_1_189' title='bbox 281 3405 419 3466; x_wconf 86' lang='lat' dir='ltr'><strong>timebat.</strong></span> <span class='ocrx_word' id='word_1_190' title='bbox 460 3403 608 3484; x_wconf 87' lang='lat' dir='ltr'><strong>Denique</strong></span> <span class='ocrx_word' id='word_1_191' title='bbox 628 3400 756 3463; x_wconf 87' lang='lat' dir='ltr'><strong>tertium</strong></span> <span class='ocrx_word' id='word_1_192' title='bbox 779 3403 905 3466; x_wconf 83' lang='lat' dir='ltr'><strong>invocet</strong></span> <span class='ocrx_word' id='word_1_193' title='bbox 924 3376 1107 3481; x_wconf 75' lang='lat' dir='ltr'><strong>Phoebum,</strong></span> <span class='ocrx_word' id='word_1_194' title='bbox 1135 3414 1168 3466; x_wconf 85' lang='lat' dir='ltr'><strong>ct</strong></span> 
     </span>
    </p>

    <p class='ocr_par' dir='ltr' id='par_1_3' title="bbox 140 3494 1226 4405">
     <span class='ocr_line' id='line_1_26' title="bbox 142 3494 1226 3602; baseline -0.005 -20"><span class='ocrx_word' id='word_1_195' title='bbox 142 3536 227 3583; x_wconf 90' lang='lat' dir='ltr'><strong>nunc</strong></span> <span class='ocrx_word' id='word_1_196' title='bbox 260 3518 387 3602; x_wconf 86' lang='lat' dir='ltr'><strong>quidem</strong></span> <span class='ocrx_word' id='word_1_197' title='bbox 419 3518 628 3598; x_wconf 88' lang='lat' dir='ltr'><strong>complectens</strong></span> <span class='ocrx_word' id='word_1_198' title='bbox 660 3517 780 3600; x_wconf 82' lang='lat' dir='ltr'><strong>primae</strong></span> <span class='ocrx_word' id='word_1_199' title='bbox 815 3529 847 3579; x_wconf 84' lang='lat' dir='ltr'><strong>et</strong></span> <span class='ocrx_word' id='word_1_200' title='bbox 879 3514 1034 3579; x_wconf 86' lang='lat' dir='ltr'><strong>secundae</strong></span> <span class='ocrx_word' id='word_1_201' title='bbox 1066 3517 1166 3599; x_wconf 73' lang='lat' dir='ltr'><strong>pertis</strong></span> <span class='ocrx_word' id='word_1_202' title='bbox 1220 3494 1226 3505; x_wconf 49' lang='lat'>⁸</span> 
     </span>
     <span class='ocr_line' id='line_1_27' title="bbox 141 3627 1166 3713; baseline -0.003 -17"><span class='ocrx_word' id='word_1_203' title='bbox 141 3653 293 3697; x_wconf 84' lang='lat' dir='ltr'><strong>summam</strong></span> <span class='ocrx_word' id='word_1_204' title='bbox 322 3644 487 3713; x_wconf 83' lang='lat' dir='ltr'><strong>precatur,</strong></span> <span class='ocrx_word' id='word_1_205' title='bbox 529 3642 565 3693; x_wconf 88' lang='lat' dir='ltr'><strong>ut</strong></span> <span class='ocrx_word' id='word_1_206' title='bbox 595 3632 630 3693; x_wconf 91' lang='lat' dir='ltr'><strong>in</strong></span> <span class='ocrx_word' id='word_1_207' title='bbox 663 3651 729 3694; x_wconf 90' lang='lat' dir='ltr'><strong>uno</strong></span> <span class='ocrx_word' id='word_1_208' title='bbox 761 3650 894 3712; x_wconf 85' lang='lat' dir='ltr'><strong>corpore</strong></span> <span class='ocrx_word' id='word_1_209' title='bbox 925 3641 1051 3695; x_wconf 83' lang='lat' dir='ltr'><strong>servato</strong></span> <span class='ocrx_word' id='word_1_210' title='bbox 1084 3627 1166 3693; x_wconf 86' lang='lat' dir='ltr'><strong>duos</strong></span> 
     </span>
     <span class='ocr_line' id='line_1_28' title="bbox 140 3745 1168 3830; baseline -0.005 -15"><span class='ocrx_word' id='word_1_211' title='bbox 140 3751 292 3815; x_wconf 83' lang='lat' dir='ltr'><strong>restituet.</strong></span> <span class='ocrx_word' id='word_1_212' title='bbox 331 3746 430 3814; x_wconf 87' lang='lat' dir='ltr'><strong>Vides</strong></span> <span class='ocrx_word' id='word_1_213' title='bbox 447 3748 687 3812; x_wconf 78' lang='lat' dir='ltr'><strong>concinnitatem</strong></span> <span class='ocrx_word' id='word_1_214' title='bbox 703 3747 947 3830; x_wconf 88' lang='lat' dir='ltr'><strong>compositionis.</strong></span> <span class='ocrx_word' id='word_1_215' title='bbox 982 3745 1064 3810; x_wconf 85' lang='lat' dir='ltr'><strong>Cum</strong></span> <span class='ocrx_word' id='word_1_216' title='bbox 1079 3766 1168 3810; x_wconf 80' lang='lat' dir='ltr'><strong>nor·</strong></span> 
     </span>
     <span class='ocr_line' id='line_1_29' title="bbox 141 3858 1166 3948; baseline -0.005 -19"><span class='ocrx_word' id='word_1_217' title='bbox 141 3869 201 3929; x_wconf 88' lang='lat' dir='ltr'><strong>bus</strong></span> <span class='ocrx_word' id='word_1_218' title='bbox 220 3867 345 3948; x_wconf 76' lang='lat' dir='ltr'><strong>puellae</strong></span> <span class='ocrx_word' id='word_1_219' title='bbox 365 3865 457 3926; x_wconf 85' lang='lat' dir='ltr'><strong>etism</strong></span> <span class='ocrx_word' id='word_1_220' title='bbox 480 3877 636 3925; x_wconf 79' lang='lat' dir='ltr'><strong>ementem</strong></span> <span class='ocrx_word' id='word_1_221' title='bbox 656 3874 867 3941; x_wconf 86' lang='lat' dir='ltr'><strong>commoveat,</strong></span> <span class='ocrx_word' id='word_1_222' title='bbox 890 3861 964 3924; x_wconf 87' lang='lat' dir='ltr'><strong>scite</strong></span> <span class='ocrx_word' id='word_1_223' title='bbox 985 3881 1071 3923; x_wconf 89' lang='lat' dir='ltr'><strong>nunc</strong></span> <span class='ocrx_word' id='word_1_224' title='bbox 1090 3858 1166 3924; x_wconf 89' lang='lat' dir='ltr'><strong>inde</strong></span> 
     </span>
     <span class='ocr_line' id='line_1_30' title="bbox 142 3973 1167 4058; baseline -0.007 -15"><span class='ocrx_word' id='word_1_225' title='bbox 142 3980 235 4044; x_wconf 88' lang='lat' dir='ltr'><strong>ducta</strong></span> <span class='ocrx_word' id='word_1_226' title='bbox 264 3992 311 4045; x_wconf 88' lang='lat' dir='ltr'><strong>est</strong></span> <span class='ocrx_word' id='word_1_227' title='bbox 339 3978 452 4044; x_wconf 80' lang='lat' dir='ltr'><strong>divisio</strong></span> <span class='ocrx_word' id='word_1_228' title='bbox 479 3978 668 4058; x_wconf 75' lang='lat' dir='ltr'><strong>argumenti,</strong></span> <span class='ocrx_word' id='word_1_229' title='bbox 705 3986 736 4038; x_wconf 92' lang='lat' dir='ltr'><strong>et</strong></span> <span class='ocrx_word' id='word_1_230' title='bbox 764 3986 851 4037; x_wconf 82' lang='lat' dir='ltr'><strong>ortae</strong></span> <span class='ocrx_word' id='word_1_231' title='bbox 880 3975 925 4037; x_wconf 88' lang='lat' dir='ltr'><strong>sic</strong></span> <span class='ocrx_word' id='word_1_232' title='bbox 952 3973 1033 4035; x_wconf 86' lang='lat' dir='ltr'><strong>duse</strong></span> <span class='ocrx_word' id='word_1_233' title='bbox 1059 3986 1167 4055; x_wconf 81' lang='lat' dir='ltr'><strong>partes</strong></span> 
     </span>
     <span class='ocr_line' id='line_1_31' title="bbox 142 4091 1166 4175; baseline -0.008 -16"><span class='ocrx_word' id='word_1_234' title='bbox 142 4110 364 4175; x_wconf 83' lang='lat' dir='ltr'><strong>congruentes,</strong></span> <span class='ocrx_word' id='word_1_235' title='bbox 396 4096 493 4156; x_wconf 81' lang='lat' dir='ltr'><strong>altere</strong></span> <span class='ocrx_word' id='word_1_236' title='bbox 520 4095 674 4175; x_wconf 78' lang='lat' dir='ltr'><strong>puellam,</strong></span> <span class='ocrx_word' id='word_1_237' title='bbox 710 4092 808 4155; x_wconf 78' lang='lat' dir='ltr'><strong>altere</strong></span> <span class='ocrx_word' id='word_1_238' title='bbox 835 4091 984 4156; x_wconf 81' lang='lat' dir='ltr'><strong>iuuenem</strong></span> <span class='ocrx_word' id='word_1_239' title='bbox 1011 4102 1166 4171; x_wconf 71' lang='lat' dir='ltr'><strong>spectans,</strong></span> 
     </span>
     <span class='ocr_line' id='line_1_32' title="bbox 143 4203 1166 4292; baseline -0.009 -20"><span class='ocrx_word' id='word_1_240' title='bbox 143 4230 221 4292; x_wconf 83' lang='lat' dir='ltr'><strong>quse</strong></span> <span class='ocrx_word' id='word_1_241' title='bbox 248 4210 338 4271; x_wconf 88' lang='lat' dir='ltr'><strong>tertia</strong></span> <span class='ocrx_word' id='word_1_242' title='bbox 363 4206 523 4288; x_wconf 79' lang='lat' dir='ltr'><strong>coniungit</strong></span> <span class='ocrx_word' id='word_1_243' title='bbox 546 4207 674 4270; x_wconf 77' lang='lat' dir='ltr'><strong>collecte</strong></span> <span class='ocrx_word' id='word_1_244' title='bbox 699 4205 732 4271; x_wconf 83' lang='lat' dir='ltr'><strong>vi</strong></span> <span class='ocrx_word' id='word_1_245' title='bbox 758 4207 854 4268; x_wconf 90' lang='lat' dir='ltr'><strong>totius</strong></span> <span class='ocrx_word' id='word_1_246' title='bbox 881 4203 1038 4265; x_wconf 87' lang='lat' dir='ltr'><strong>carminis.</strong></span> <span class='ocrx_word' id='word_1_247' title='bbox 1088 4203 1166 4264; x_wconf 89' lang='lat' dir='ltr'><strong>lllu·</strong></span> 
     </span>
     <span class='ocr_line' id='line_1_33' title="bbox 143 4316 1165 4405; baseline -0.004 -22"><span class='ocrx_word' id='word_1_248' title='bbox 143 4323 234 4385; x_wconf 84' lang='lat' dir='ltr'><strong>strsri</strong></span> <span class='ocrx_word' id='word_1_249' title='bbox 255 4332 358 4405; x_wconf 86' lang='lat' dir='ltr'><strong>potest</strong></span> <span class='ocrx_word' id='word_1_250' title='bbox 381 4317 493 4385; x_wconf 85' lang='lat' dir='ltr'><strong>divisio</strong></span> <span class='ocrx_word' id='word_1_251' title='bbox 515 4323 593 4385; x_wconf 81' lang='lat' dir='ltr'><strong>haec</strong></span> <span class='ocrx_word' id='word_1_252' title='bbox 615 4317 786 4385; x_wconf 88' lang='lat' dir='ltr'><strong>secundum</strong></span> <span class='ocrx_word' id='word_1_253' title='bbox 810 4336 960 4401; x_wconf 84' lang='lat' dir='ltr'><strong>personas</strong></span> <span class='ocrx_word' id='word_1_254' title='bbox 983 4316 1065 4378; x_wconf 83' lang='lat' dir='ltr'><strong>laeta</strong></span> <span class='ocrx_word' id='word_1_255' title='bbox 1092 4317 1165 4379; x_wconf 86' lang='lat' dir='ltr'><strong>loco</strong></span> 
     </span>
    </p>
   </div>
   <div class='ocr_carea' id='block_1_3' title="bbox 0 0 1238 4838">
    <p class='ocr_par' dir='ltr' id='par_1_4' title="bbox 0 0 1238 4838">
     <span class='ocr_line' id='line_1_34' title="bbox 0 0 1238 4838; baseline 0 0"><span class='ocrx_word' id='word_1_256' title='bbox 0 0 1238 4838; x_wconf 95' lang='lat' dir='ltr'><strong> </strong></span> 
     </span>
    </p>
   </div>
  </div>
 </body>
</html>
