<?xml version="1.0" encoding="UTF-8"?>
<!DOCTYPE html PUBLIC "-//W3C//DTD XHTML 1.0 Transitional//EN"
    "http://www.w3.org/TR/xhtml1/DTD/xhtml1-transitional.dtd">
<html xmlns="http://www.w3.org/1999/xhtml" xml:lang="en" lang="en">
 <head>
  <title>
</title>
<meta http-equiv="Content-Type" content="text/html;charset=utf-8" />
  <meta name='ocr-system' content='tesseract 3.04.00' />
  <meta name='ocr-capabilities' content='ocr_page ocr_carea ocr_par ocr_line ocrx_word'/>
</head>
<body>
  <div class='ocr_page' id='page_1' title='image "albiitibullicar00dissgoog_0171.png"; bbox 0 0 2468 4838; ppageno 0'>
   <div class='ocr_carea' id='block_1_1' title="bbox 140 593 745 666">
    <p class='ocr_par' dir='ltr' id='par_1_1' title="bbox 140 593 745 666">
     <span class='ocr_line' id='line_1_1' title="bbox 140 593 745 666; baseline -0.007 -3"><span class='ocrx_word' id='word_1_1' title='bbox 140 622 230 666; x_wconf 74' lang='lat' dir='ltr'><strong>anxur</strong></span> <span class='ocrx_word' id='word_1_2' title='bbox 543 600 600 663; x_wconf 89' lang='lat' dir='ltr'><strong>DE</strong></span> <span class='ocrx_word' id='word_1_3' title='bbox 625 593 745 664; x_wconf 84' lang='lat' dir='ltr'>POESI</span> 
     </span>
    </p>
   </div>
   <div class='ocr_carea' id='block_1_2' title="bbox 139 768 1172 4362">
    <p class='ocr_par' dir='ltr' id='par_1_2' title="bbox 139 768 313 848">
     <span class='ocr_line' id='line_1_2' title="bbox 139 768 313 848; baseline 0 -19"><span class='ocrx_word' id='word_1_4' title='bbox 139 769 170 848; x_wconf 89' lang='lat'><strong>1,</strong></span> <span class='ocrx_word' id='word_1_5' title='bbox 192 776 229 848; x_wconf 83' lang='lat'><strong>2,</strong></span> <span class='ocrx_word' id='word_1_6' title='bbox 252 768 313 829; x_wconf 82' lang='lat'><strong>40:</strong></span> 
     </span>
    </p>

    <p class='ocr_par' dir='ltr' id='par_1_3' title="bbox 222 878 1156 965">
     <span class='ocr_line' id='line_1_3' title="bbox 222 878 1156 965; baseline -0.005 -23"><span class='ocrx_word' id='word_1_7' title='bbox 222 879 306 942; x_wconf 84' lang='lat' dir='ltr'><strong>Nam</strong></span> <span class='ocrx_word' id='word_1_8' title='bbox 327 880 424 943; x_wconf 86' lang='lat' dir='ltr'><strong>fuerit</strong></span> <span class='ocrx_word' id='word_1_9' title='bbox 445 879 625 965; x_wconf 87' lang='lat' dir='ltr'><strong>quicunque</strong></span> <span class='ocrx_word' id='word_1_10' title='bbox 651 880 786 963; x_wconf 85' lang='lat' dir='ltr'><strong>loquax,</strong></span> <span class='ocrx_word' id='word_1_11' title='bbox 812 879 839 940; x_wconf 85' lang='lat' dir='ltr'><strong>ia</strong></span> <span class='ocrx_word' id='word_1_12' title='bbox 862 878 1014 958; x_wconf 77' lang='lat' dir='ltr'><strong>sanguine</strong></span> <span class='ocrx_word' id='word_1_13' title='bbox 1035 888 1156 953; x_wconf 86' lang='lat' dir='ltr'><strong>natam,</strong></span> 
     </span>
    </p>

    <p class='ocr_par' dir='ltr' id='par_1_4' title="bbox 263 992 951 1076">
     <span class='ocr_line' id='line_1_4' title="bbox 263 992 951 1076; baseline -0.004 -20"><span class='ocrx_word' id='word_1_14' title='bbox 263 993 293 1057; x_wconf 84' lang='lat' dir='ltr'><strong>la</strong></span> <span class='ocrx_word' id='word_1_15' title='bbox 315 997 446 1058; x_wconf 79' lang='lat' dir='ltr'><strong>Veneram</strong></span> <span class='ocrx_word' id='word_1_16' title='bbox 470 992 620 1076; x_wconf 88' lang='lat' dir='ltr'><strong>erapido</strong></span> <span class='ocrx_word' id='word_1_17' title='bbox 641 995 840 1057; x_wconf 68' lang='lat' dir='ltr'><strong>nannetense</strong></span> <span class='ocrx_word' id='word_1_18' title='bbox 861 993 951 1054; x_wconf 84' lang='lat' dir='ltr'><strong>mari.</strong></span> 
     </span>
    </p>

    <p class='ocr_par' dir='ltr' id='par_1_5' title="bbox 139 1100 415 1192">
     <span class='ocr_line' id='line_1_5' title="bbox 139 1100 415 1192; baseline 0.004 -24"><span class='ocrx_word' id='word_1_19' title='bbox 139 1108 172 1184; x_wconf 92' lang='lat'><strong>1,</strong></span> <span class='ocrx_word' id='word_1_20' title='bbox 194 1115 232 1192; x_wconf 74' lang='lat' dir='ltr'><strong>tl,</strong></span> <span class='ocrx_word' id='word_1_21' title='bbox 252 1113 295 1170; x_wconf 85' lang='lat'><strong>2:</strong></span> <span class='ocrx_word' id='word_1_22' title='bbox 410 1100 415 1151; x_wconf 74' lang='grc' dir='ltr'>ἶ</span> 
     </span>
    </p>

    <p class='ocr_par' dir='ltr' id='par_1_6' title="bbox 223 1218 1045 1306">
     <span class='ocr_line' id='line_1_6' title="bbox 223 1218 1045 1306; baseline -0.005 -22"><span class='ocrx_word' id='word_1_23' title='bbox 223 1220 299 1284; x_wconf 87' lang='lat' dir='ltr'><strong>Non</strong></span> <span class='ocrx_word' id='word_1_24' title='bbox 321 1241 378 1302; x_wconf 83' lang='lat' dir='ltr'><strong>ego</strong></span> <span class='ocrx_word' id='word_1_25' title='bbox 401 1223 495 1285; x_wconf 84' lang='lat' dir='ltr'><strong>celari</strong></span> <span class='ocrx_word' id='word_1_26' title='bbox 515 1241 661 1305; x_wconf 74' lang='lat' dir='ltr'><strong>poenum,</strong></span> <span class='ocrx_word' id='word_1_27' title='bbox 688 1222 766 1306; x_wconf 89' lang='lat' dir='ltr'><strong>quid</strong></span> <span class='ocrx_word' id='word_1_28' title='bbox 788 1233 884 1284; x_wconf 86' lang='lat' dir='ltr'><strong>nutua</strong></span> <span class='ocrx_word' id='word_1_29' title='bbox 910 1218 1045 1281; x_wconf 82' lang='lat' dir='ltr'><strong>amantia</strong></span> 
     </span>
    </p>

    <p class='ocr_par' dir='ltr' id='par_1_7' title="bbox 263 1330 929 1416">
     <span class='ocr_line' id='line_1_7' title="bbox 263 1330 929 1416; baseline -0.002 -20"><span class='ocrx_word' id='word_1_30' title='bbox 263 1330 391 1408; x_wconf 75' lang='lat' dir='ltr'><strong>‘Quave</strong></span> <span class='ocrx_word' id='word_1_31' title='bbox 404 1333 506 1416; x_wconf 78' lang='lat' dir='ltr'><strong>ferant</strong></span> <span class='ocrx_word' id='word_1_32' title='bbox 527 1336 595 1397; x_wconf 90' lang='lat' dir='ltr'><strong>miti</strong></span> <span class='ocrx_word' id='word_1_33' title='bbox 615 1334 699 1397; x_wconf 84' lang='lat' dir='ltr'><strong>lenia</strong></span> <span class='ocrx_word' id='word_1_34' title='bbox 720 1337 818 1397; x_wconf 84' lang='lat' dir='ltr'><strong>verba</strong></span> <span class='ocrx_word' id='word_1_35' title='bbox 839 1351 929 1397; x_wconf 78' lang='lat' dir='ltr'><strong>sono.</strong></span> 
     </span>
    </p>

    <p class='ocr_par' dir='ltr' id='par_1_8' title="bbox 139 1441 1172 4362">
     <span class='ocr_line' id='line_1_8' title="bbox 140 1441 1159 1530; baseline -0.004 -24"><span class='ocrx_word' id='word_1_36' title='bbox 140 1441 266 1527; x_wconf 83' lang='lat' dir='ltr'><strong>Ubique</strong></span> <span class='ocrx_word' id='word_1_37' title='bbox 292 1447 387 1509; x_wconf 84' lang='lat' dir='ltr'><strong>obvia</strong></span> <span class='ocrx_word' id='word_1_38' title='bbox 406 1450 480 1510; x_wconf 88' lang='lat' dir='ltr'><strong>talia</strong></span> <span class='ocrx_word' id='word_1_39' title='bbox 501 1446 586 1530; x_wconf 89' lang='lat' dir='ltr'><strong>apud</strong></span> <span class='ocrx_word' id='word_1_40' title='bbox 611 1460 734 1530; x_wconf 81' lang='lat' dir='ltr'><strong>poetae,</strong></span> <span class='ocrx_word' id='word_1_41' title='bbox 764 1467 858 1509; x_wconf 80' lang='lat' dir='ltr'><strong>cauea</strong></span> <span class='ocrx_word' id='word_1_42' title='bbox 880 1456 984 1508; x_wconf 86' lang='lat' dir='ltr'><strong>autem</strong></span> <span class='ocrx_word' id='word_1_43' title='bbox 1004 1462 1081 1508; x_wconf 78' lang='lat' dir='ltr'><strong>vera</strong></span> <span class='ocrx_word' id='word_1_44' title='bbox 1103 1461 1159 1503; x_wconf 90' lang='lat' dir='ltr'><strong>cur</strong></span> 
     </span>
     <span class='ocr_line' id='line_1_9' title="bbox 139 1554 1160 1644; baseline -0.002 -26"><span class='ocrx_word' id='word_1_45' title='bbox 139 1559 297 1638; x_wconf 77' lang='lat' dir='ltr'><strong>placeant,</strong></span> <span class='ocrx_word' id='word_1_46' title='bbox 327 1560 403 1622; x_wconf 86' lang='lat' dir='ltr'><strong>haec</strong></span> <span class='ocrx_word' id='word_1_47' title='bbox 430 1573 493 1637; x_wconf 87' lang='lat' dir='ltr'><strong>cat,</strong></span> <span class='ocrx_word' id='word_1_48' title='bbox 521 1574 558 1623; x_wconf 89' lang='lat' dir='ltr'><strong>ut</strong></span> <span class='ocrx_word' id='word_1_49' title='bbox 578 1559 661 1639; x_wconf 80' lang='lat' dir='ltr'><strong>dixi,</strong></span> <span class='ocrx_word' id='word_1_50' title='bbox 691 1562 766 1644; x_wconf 88' lang='lat' dir='ltr'><strong>quia</strong></span> <span class='ocrx_word' id='word_1_51' title='bbox 792 1579 876 1623; x_wconf 86' lang='lat' dir='ltr'><strong>nova</strong></span> <span class='ocrx_word' id='word_1_52' title='bbox 898 1561 947 1623; x_wconf 81' lang='lat' dir='ltr'><strong>via</strong></span> <span class='ocrx_word' id='word_1_53' title='bbox 973 1559 1017 1621; x_wconf 85' lang='lat' dir='ltr'><strong>aio</strong></span> <span class='ocrx_word' id='word_1_54' title='bbox 1042 1554 1160 1618; x_wconf 87' lang='lat' dir='ltr'><strong>accedit</strong></span> 
     </span>
     <span class='ocr_line' id='line_1_10' title="bbox 139 1671 1160 1756; baseline -0.002 -26"><span class='ocrx_word' id='word_1_55' title='bbox 139 1671 343 1753; x_wconf 77' lang='lat' dir='ltr'><strong>sequentibus</strong></span> <span class='ocrx_word' id='word_1_56' title='bbox 358 1675 507 1737; x_wconf 70' lang='lat' dir='ltr'><strong>membris</strong></span> <span class='ocrx_word' id='word_1_57' title='bbox 524 1673 662 1756; x_wconf 87' lang='lat' dir='ltr'><strong>periodi,</strong></span> <span class='ocrx_word' id='word_1_58' title='bbox 684 1687 779 1756; x_wconf 90' lang='lat' dir='ltr'><strong>atque</strong></span> <span class='ocrx_word' id='word_1_59' title='bbox 793 1675 826 1735; x_wconf 92' lang='lat' dir='ltr'><strong>in</strong></span> <span class='ocrx_word' id='word_1_60' title='bbox 842 1674 939 1752; x_wconf 84' lang='lat' dir='ltr'><strong>elegia</strong></span> <span class='ocrx_word' id='word_1_61' title='bbox 955 1673 1036 1737; x_wconf 83' lang='lat' dir='ltr'><strong>hanc</strong></span> <span class='ocrx_word' id='word_1_62' title='bbox 1052 1686 1160 1733; x_wconf 88' lang='lat' dir='ltr'><strong>curam</strong></span> 
     </span>
     <span class='ocr_line' id='line_1_11' title="bbox 140 1783 1160 1865; baseline -0.004 -19"><span class='ocrx_word' id='word_1_63' title='bbox 140 1795 335 1865; x_wconf 73' lang='lat' dir='ltr'><strong>pentameter</strong></span> <span class='ocrx_word' id='word_1_64' title='bbox 362 1786 498 1849; x_wconf 66' lang='lat' dir='ltr'><strong>mammo</strong></span> <span class='ocrx_word' id='word_1_65' title='bbox 528 1786 693 1849; x_wconf 81' lang='lat' dir='ltr'><strong>desiderat.</strong></span> <span class='ocrx_word' id='word_1_66' title='bbox 745 1787 831 1849; x_wconf 89' lang='lat' dir='ltr'><strong>Haec</strong></span> <span class='ocrx_word' id='word_1_67' title='bbox 859 1788 1021 1849; x_wconf 71' lang='lat' dir='ltr'><strong>hactenus.</strong></span> <span class='ocrx_word' id='word_1_68' title='bbox 1071 1783 1160 1846; x_wconf 83' lang='lat' dir='ltr'><strong>Poet-</strong></span> 
     </span>
     <span class='ocr_line' id='line_1_12' title="bbox 142 1895 1160 1981; baseline -0.001 -23"><span class='ocrx_word' id='word_1_69' title='bbox 142 1915 237 1977; x_wconf 89' lang='lat' dir='ltr'><strong>quam</strong></span> <span class='ocrx_word' id='word_1_70' title='bbox 270 1899 353 1959; x_wconf 89' lang='lat' dir='ltr'><strong>enim</strong></span> <span class='ocrx_word' id='word_1_71' title='bbox 386 1896 425 1960; x_wconf 92' lang='lat' dir='ltr'><strong>de</strong></span> <span class='ocrx_word' id='word_1_72' title='bbox 456 1901 630 1963; x_wconf 82' lang='lat' dir='ltr'><strong>variatione</strong></span> <span class='ocrx_word' id='word_1_73' title='bbox 663 1901 814 1962; x_wconf 76' lang='lat' dir='ltr'><strong>orationis</strong></span> <span class='ocrx_word' id='word_1_74' title='bbox 846 1900 882 1960; x_wconf 91' lang='lat' dir='ltr'><strong>in</strong></span> <span class='ocrx_word' id='word_1_75' title='bbox 912 1898 991 1981; x_wconf 86' lang='lat' dir='ltr'><strong>ipaia</strong></span> <span class='ocrx_word' id='word_1_76' title='bbox 1017 1895 1160 1959; x_wconf 66' lang='lat' dir='ltr'><strong>ffiatichio</strong></span> 
     </span>
     <span class='ocr_line' id='line_1_13' title="bbox 141 2007 1161 2094; baseline -0.002 -23"><span class='ocrx_word' id='word_1_77' title='bbox 141 2007 277 2072; x_wconf 75' lang='lat' dir='ltr'><strong>vidimus</strong></span> <span class='ocrx_word' id='word_1_78' title='bbox 296 2022 328 2071; x_wconf 90' lang='lat' dir='ltr'><strong>et</strong></span> <span class='ocrx_word' id='word_1_79' title='bbox 344 2032 424 2094; x_wconf 86' lang='lat' dir='ltr'><strong>qnae</strong></span> <span class='ocrx_word' id='word_1_80' title='bbox 441 2032 512 2073; x_wconf 89' lang='lat' dir='ltr'><strong>cum</strong></span> <span class='ocrx_word' id='word_1_81' title='bbox 533 2015 591 2075; x_wconf 91' lang='lat' dir='ltr'><strong>hac</strong></span> <span class='ocrx_word' id='word_1_82' title='bbox 610 2015 794 2089; x_wconf 87' lang='lat' dir='ltr'><strong>coniuncta,</strong></span> <span class='ocrx_word' id='word_1_83' title='bbox 819 2010 1059 2094; x_wconf 79' lang='lat' dir='ltr'><strong>progrediamur</strong></span> <span class='ocrx_word' id='word_1_84' title='bbox 1076 2029 1161 2070; x_wconf 86' lang='lat' dir='ltr'><strong>nunc</strong></span> 
     </span>
     <span class='ocr_line' id='line_1_14' title="bbox 143 2123 1159 2207; baseline -0.002 -22"><span class='ocrx_word' id='word_1_85' title='bbox 143 2123 235 2186; x_wconf 85' lang='lat' dir='ltr'><strong>etiam</strong></span> <span class='ocrx_word' id='word_1_86' title='bbox 251 2126 376 2205; x_wconf 83' lang='lat' dir='ltr'><strong>longina</strong></span> <span class='ocrx_word' id='word_1_87' title='bbox 393 2127 476 2188; x_wconf 84' lang='lat' dir='ltr'><strong>ultra</strong></span> <span class='ocrx_word' id='word_1_88' title='bbox 491 2127 688 2207; x_wconf 64' lang='lat' dir='ltr'><strong>singidonum</strong></span> <span class='ocrx_word' id='word_1_89' title='bbox 702 2125 908 2190; x_wconf 76' lang='lat' dir='ltr'><strong>distichorum</strong></span> <span class='ocrx_word' id='word_1_90' title='bbox 924 2127 1014 2189; x_wconf 80' lang='lat' dir='ltr'><strong>linea.</strong></span> <span class='ocrx_word' id='word_1_91' title='bbox 1056 2125 1159 2207; x_wconf 82' lang='lat' dir='ltr'><strong>Atque</strong></span> 
     </span>
     <span class='ocr_line' id='line_1_15' title="bbox 143 2237 1161 2316; baseline -0.002 -18"><span class='ocrx_word' id='word_1_92' title='bbox 143 2238 200 2299; x_wconf 90' lang='lat' dir='ltr'><strong>ubi</strong></span> <span class='ocrx_word' id='word_1_93' title='bbox 220 2237 419 2303; x_wconf 78' lang='lat' dir='ltr'><strong>brevioribus</strong></span> <span class='ocrx_word' id='word_1_94' title='bbox 438 2241 598 2303; x_wconf 75' lang='lat' dir='ltr'><strong>sententiis</strong></span> <span class='ocrx_word' id='word_1_95' title='bbox 619 2241 658 2302; x_wconf 87' lang='lat' dir='ltr'><strong>ab</strong></span> <span class='ocrx_word' id='word_1_96' title='bbox 681 2241 742 2303; x_wconf 85' lang='lat' dir='ltr'><strong>alio</strong></span> <span class='ocrx_word' id='word_1_97' title='bbox 765 2237 803 2301; x_wconf 87' lang='lat' dir='ltr'><strong>ad</strong></span> <span class='ocrx_word' id='word_1_98' title='bbox 826 2238 912 2300; x_wconf 89' lang='lat' dir='ltr'><strong>aliud</strong></span> <span class='ocrx_word' id='word_1_99' title='bbox 929 2237 1072 2316; x_wconf 78' lang='lat' dir='ltr'><strong>venitur,</strong></span> <span class='ocrx_word' id='word_1_100' title='bbox 1094 2237 1161 2316; x_wconf 84' lang='lat' dir='ltr'><strong>ipae</strong></span> 
     </span>
     <span class='ocr_line' id='line_1_16' title="bbox 143 2350 1162 2416; baseline 0 -5"><span class='ocrx_word' id='word_1_101' title='bbox 143 2351 193 2412; x_wconf 90' lang='lat' dir='ltr'><strong>hic</strong></span> <span class='ocrx_word' id='word_1_102' title='bbox 222 2363 327 2414; x_wconf 78' lang='lat' dir='ltr'><strong>motus</strong></span> <span class='ocrx_word' id='word_1_103' title='bbox 357 2353 449 2416; x_wconf 84' lang='lat' dir='ltr'><strong>etiam</strong></span> <span class='ocrx_word' id='word_1_104' title='bbox 475 2353 645 2416; x_wconf 84' lang='lat' dir='ltr'><strong>elocutioni</strong></span> <span class='ocrx_word' id='word_1_105' title='bbox 671 2374 742 2415; x_wconf 89' lang='lat' dir='ltr'><strong>cum</strong></span> <span class='ocrx_word' id='word_1_106' title='bbox 767 2352 941 2416; x_wconf 79' lang='lat' dir='ltr'><strong>variatione</strong></span> <span class='ocrx_word' id='word_1_107' title='bbox 968 2370 1076 2413; x_wconf 88' lang='lat' dir='ltr'><strong>rerum</strong></span> <span class='ocrx_word' id='word_1_108' title='bbox 1098 2350 1162 2411; x_wconf 87' lang='lat' dir='ltr'><strong>vim</strong></span> 
     </span>
     <span class='ocr_line' id='line_1_17' title="bbox 144 2454 1161 2546; baseline 0.003 -23"><span class='ocrx_word' id='word_1_109' title='bbox 144 2475 324 2543; x_wconf 87' lang='lat' dir='ltr'><strong>coneervat,</strong></span> <span class='ocrx_word' id='word_1_110' title='bbox 362 2485 419 2528; x_wconf 90' lang='lat' dir='ltr'><strong>nec</strong></span> <span class='ocrx_word' id='word_1_111' title='bbox 446 2454 620 2530; x_wconf 81' lang='lat' dir='ltr'><strong>verendum</strong></span> <span class='ocrx_word' id='word_1_112' title='bbox 649 2486 689 2527; x_wconf 93' lang='lat' dir='ltr'><strong>ne</strong></span> <span class='ocrx_word' id='word_1_113' title='bbox 719 2465 810 2527; x_wconf 86' lang='lat' dir='ltr'><strong>facile</strong></span> <span class='ocrx_word' id='word_1_114' title='bbox 838 2459 1018 2546; x_wconf 80' lang='lat' dir='ltr'><strong>lingueecat</strong></span> <span class='ocrx_word' id='word_1_115' title='bbox 1045 2465 1161 2542; x_wconf 75' lang='lat' dir='ltr'><strong>oratio,</strong></span> 
     </span>
     <span class='ocr_line' id='line_1_18' title="bbox 145 2577 1164 2661; baseline 0 -23"><span class='ocrx_word' id='word_1_116' title='bbox 145 2590 176 2638; x_wconf 91' lang='lat' dir='ltr'><strong>at</strong></span> <span class='ocrx_word' id='word_1_117' title='bbox 202 2578 235 2638; x_wconf 91' lang='lat' dir='ltr'><strong>in</strong></span> <span class='ocrx_word' id='word_1_118' title='bbox 263 2577 522 2660; x_wconf 78' lang='lat' dir='ltr'><strong>descriptionibus</strong></span> <span class='ocrx_word' id='word_1_119' title='bbox 546 2600 643 2660; x_wconf 83' lang='lat' dir='ltr'><strong>cupra</strong></span> <span class='ocrx_word' id='word_1_120' title='bbox 670 2578 847 2661; x_wconf 80' lang='lat' dir='ltr'><strong>explicatis,</strong></span> <span class='ocrx_word' id='word_1_121' title='bbox 878 2580 935 2641; x_wconf 93' lang='lat' dir='ltr'><strong>ubi</strong></span> <span class='ocrx_word' id='word_1_122' title='bbox 962 2577 1164 2641; x_wconf 86' lang='lat' dir='ltr'><strong>continuatur</strong></span> 
     </span>
     <span class='ocr_line' id='line_1_19' title="bbox 146 2689 1163 2773; baseline -0.002 -22"><span class='ocrx_word' id='word_1_123' title='bbox 146 2691 261 2752; x_wconf 78' lang='lat' dir='ltr'><strong>diutius</strong></span> <span class='ocrx_word' id='word_1_124' title='bbox 289 2690 373 2752; x_wconf 88' lang='lat' dir='ltr'><strong>idem</strong></span> <span class='ocrx_word' id='word_1_125' title='bbox 402 2705 500 2770; x_wconf 87' lang='lat' dir='ltr'><strong>tenor</strong></span> <span class='ocrx_word' id='word_1_126' title='bbox 521 2712 645 2772; x_wconf 86' lang='lat' dir='ltr'><strong>rerum,</strong></span> <span class='ocrx_word' id='word_1_127' title='bbox 677 2710 793 2773; x_wconf 88' lang='lat' dir='ltr'><strong>operae</strong></span> <span class='ocrx_word' id='word_1_128' title='bbox 820 2693 956 2772; x_wconf 89' lang='lat' dir='ltr'><strong>pretium</strong></span> <span class='ocrx_word' id='word_1_129' title='bbox 980 2702 1030 2752; x_wconf 84' lang='lat' dir='ltr'><strong>eat</strong></span> <span class='ocrx_word' id='word_1_130' title='bbox 1055 2689 1163 2753; x_wconf 70' lang='lat' dir='ltr'><strong>uidere</strong></span> 
     </span>
     <span class='ocr_line' id='line_1_20' title="bbox 146 2801 1164 2886; baseline -0.003 -21"><span class='ocrx_word' id='word_1_131' title='bbox 146 2802 306 2885; x_wconf 88' lang='lat' dir='ltr'><strong>quomodo</strong></span> <span class='ocrx_word' id='word_1_132' title='bbox 334 2804 511 2883; x_wconf 83' lang='lat' dir='ltr'><strong>intelligene&#39;</strong></span> <span class='ocrx_word' id='word_1_133' title='bbox 527 2817 628 2886; x_wconf 82' lang='lat' dir='ltr'><strong>&#39;poeta</strong></span> <span class='ocrx_word' id='word_1_134' title='bbox 652 2816 759 2866; x_wconf 84' lang='lat' dir='ltr'><strong>caveat</strong></span> <span class='ocrx_word' id='word_1_135' title='bbox 785 2824 826 2866; x_wconf 89' lang='lat' dir='ltr'><strong>ne</strong></span> <span class='ocrx_word' id='word_1_136' title='bbox 847 2803 1008 2865; x_wconf 71' lang='lat' dir='ltr'><strong>minuatim</strong></span> <span class='ocrx_word' id='word_1_137' title='bbox 1030 2801 1067 2862; x_wconf 94' lang='lat' dir='ltr'><strong>in</strong></span> <span class='ocrx_word' id='word_1_138' title='bbox 1090 2821 1164 2882; x_wconf 92' lang='lat' dir='ltr'><strong>pro-</strong></span> 
     </span>
     <span class='ocr_line' id='line_1_21' title="bbox 146 2914 1164 2995; baseline -0.001 -20"><span class='ocrx_word' id='word_1_139' title='bbox 146 2937 252 2993; x_wconf 78' lang='lat' dir='ltr'><strong>gressu</strong></span> <span class='ocrx_word' id='word_1_140' title='bbox 273 2917 320 2978; x_wconf 86' lang='lat' dir='ltr'><strong>via</strong></span> <span class='ocrx_word' id='word_1_141' title='bbox 343 2915 502 2978; x_wconf 82' lang='lat' dir='ltr'><strong>orationis.</strong></span> <span class='ocrx_word' id='word_1_142' title='bbox 546 2915 634 2991; x_wconf 81' lang='lat' dir='ltr'><strong>Quae</strong></span> <span class='ocrx_word' id='word_1_143' title='bbox 658 2917 787 2979; x_wconf 83' lang='lat' dir='ltr'><strong>artificia</strong></span> <span class='ocrx_word' id='word_1_144' title='bbox 812 2917 904 2980; x_wconf 89' lang='lat' dir='ltr'><strong>etiam</strong></span> <span class='ocrx_word' id='word_1_145' title='bbox 924 2914 975 2976; x_wconf 88' lang='lat' dir='ltr'><strong>hic</strong></span> <span class='ocrx_word' id='word_1_146' title='bbox 999 2914 1164 2995; x_wconf 71' lang='lat' dir='ltr'><strong>simplicia·</strong></span> 
     </span>
     <span class='ocr_line' id='line_1_22' title="bbox 147 3029 1165 3120; baseline 0.001 -31"><span class='ocrx_word' id='word_1_147' title='bbox 147 3030 224 3090; x_wconf 85' lang='lat' dir='ltr'><strong>aima</strong></span> <span class='ocrx_word' id='word_1_148' title='bbox 245 3040 334 3106; x_wconf 84' lang='lat' dir='ltr'><strong>sunt,</strong></span> <span class='ocrx_word' id='word_1_149' title='bbox 365 3050 436 3090; x_wconf 90' lang='lat' dir='ltr'><strong>cum</strong></span> <span class='ocrx_word' id='word_1_150' title='bbox 459 3042 561 3092; x_wconf 83' lang='lat' dir='ltr'><strong>cetera</strong></span> <span class='ocrx_word' id='word_1_151' title='bbox 583 3030 665 3093; x_wconf 88' lang='lat' dir='ltr'><strong>ratio</strong></span> <span class='ocrx_word' id='word_1_152' title='bbox 686 3029 1014 3120; x_wconf 49' lang='lat' dir='ltr'><strong>tractationiapimilia</strong></span> <span class='ocrx_word' id='word_1_153' title='bbox 1039 3041 1165 3091; x_wconf 87' lang='lat' dir='ltr'><strong>maneat</strong></span> 
     </span>
     <span class='ocr_line' id='line_1_23' title="bbox 148 3144 1166 3232; baseline -0.004 -23"><span class='ocrx_word' id='word_1_154' title='bbox 148 3169 204 3210; x_wconf 90' lang='lat' dir='ltr'><strong>nec</strong></span> <span class='ocrx_word' id='word_1_155' title='bbox 227 3145 614 3232; x_wconf 69' lang='lat' dir='ltr'><strong>qaddquam&#39;artificiosiua</strong></span> <span class='ocrx_word' id='word_1_156' title='bbox 636 3160 816 3232; x_wconf 83' lang='lat' dir='ltr'><strong>quaeratur.</strong></span> <span class='ocrx_word' id='word_1_157' title='bbox 866 3149 912 3210; x_wconf 82' lang='lat' dir='ltr'><strong>Ac</strong></span> <span class='ocrx_word' id='word_1_158' title='bbox 934 3144 1074 3227; x_wconf 86' lang='lat' dir='ltr'><strong>primum</strong></span> <span class='ocrx_word' id='word_1_159' title='bbox 1095 3144 1166 3228; x_wconf 92' lang='lat' dir='ltr'><strong>qui·</strong></span> 
     </span>
     <span class='ocr_line' id='line_1_24' title="bbox 148 3239 1167 3344; baseline -0.004 -22"><span class='ocrx_word' id='word_1_160' title='bbox 148 3260 218 3322; x_wconf 88' lang='lat' dir='ltr'><strong>dem</strong></span> <span class='ocrx_word' id='word_1_161' title='bbox 247 3283 316 3325; x_wconf 90' lang='lat' dir='ltr'><strong>cum</strong></span> <span class='ocrx_word' id='word_1_162' title='bbox 342 3239 497 3344; x_wconf 78' lang='lat' dir='ltr'><strong>saprade</strong></span> <span class='ocrx_word' id='word_1_163' title='bbox 522 3264 673 3344; x_wconf 77' lang='lat' dir='ltr'><strong>anaphora</strong></span> <span class='ocrx_word' id='word_1_164' title='bbox 695 3261 810 3326; x_wconf 89' lang='lat' dir='ltr'><strong>dictum</strong></span> <span class='ocrx_word' id='word_1_165' title='bbox 839 3259 896 3339; x_wconf 84' lang='lat' dir='ltr'><strong>ait,</strong></span> <span class='ocrx_word' id='word_1_166' title='bbox 926 3260 1005 3321; x_wconf 89' lang='lat' dir='ltr'><strong>haec</strong></span> <span class='ocrx_word' id='word_1_167' title='bbox 1030 3257 1067 3320; x_wconf 90' lang='lat' dir='ltr'><strong>in</strong></span> <span class='ocrx_word' id='word_1_168' title='bbox 1094 3259 1167 3320; x_wconf 88' lang='lat' dir='ltr'><strong>lon·</strong></span> 
     </span>
     <span class='ocr_line' id='line_1_25' title="bbox 146 3365 1167 3456; baseline 0 -22"><span class='ocrx_word' id='word_1_169' title='bbox 146 3376 232 3452; x_wconf 80' lang='lat' dir='ltr'><strong>glore</strong></span> <span class='ocrx_word' id='word_1_170' title='bbox 254 3373 461 3454; x_wconf 71' lang='lat' dir='ltr'><strong>descriptione</strong></span> <span class='ocrx_word' id='word_1_171' title='bbox 481 3374 622 3437; x_wconf 83' lang='lat' dir='ltr'><strong>variatur</strong></span> <span class='ocrx_word' id='word_1_172' title='bbox 642 3396 671 3437; x_wconf 86' lang='lat' dir='ltr'><strong>v.</strong></span> <span class='ocrx_word' id='word_1_173' title='bbox 688 3396 715 3436; x_wconf 92' lang='lat' dir='ltr'><strong>c.</strong></span> <span class='ocrx_word' id='word_1_174' title='bbox 732 3379 772 3435; x_wconf 75' lang='lat' dir='ltr'><strong>sta</strong></span> <span class='ocrx_word' id='word_1_175' title='bbox 793 3376 823 3452; x_wconf 92' lang='lat' dir='ltr'><strong>I,</strong></span> <span class='ocrx_word' id='word_1_176' title='bbox 842 3380 878 3451; x_wconf 82' lang='lat'><strong>2,</strong></span> <span class='ocrx_word' id='word_1_177' title='bbox 897 3365 938 3435; x_wconf 68' lang='grc'><strong>45</strong></span> <span class='ocrx_word' id='word_1_178' title='bbox 958 3392 1026 3456; x_wconf 86' lang='lat' dir='ltr'><strong>aqq.</strong></span> <span class='ocrx_word' id='word_1_179' title='bbox 1068 3373 1167 3449; x_wconf 84' lang='lat' dir='ltr'><strong>Hanc,</strong></span> 
     </span>
     <span class='ocr_line' id='line_1_26' title="bbox 146 3486 1169 3563; baseline 0.001 -17"><span class='ocrx_word' id='word_1_180' title='bbox 146 3488 217 3547; x_wconf 80' lang='lat' dir='ltr'><strong>haec</strong></span> <span class='ocrx_word' id='word_1_181' title='bbox 226 3533 235 3562; x_wconf 92' lang='lat'><strong>,</strong></span> <span class='ocrx_word' id='word_1_182' title='bbox 261 3487 356 3548; x_wconf 84' lang='lat' dir='ltr'><strong>Haec.</strong></span> <span class='ocrx_word' id='word_1_183' title='bbox 376 3518 418 3533; x_wconf 90' lang='lat'>-</span> <span class='ocrx_word' id='word_1_184' title='bbox 461 3489 540 3563; x_wconf 88' lang='lat' dir='ltr'><strong>lam,</strong></span> <span class='ocrx_word' id='word_1_185' title='bbox 568 3490 642 3549; x_wconf 86' lang='lat' dir='ltr'><strong>lam.</strong></span> <span class='ocrx_word' id='word_1_186' title='bbox 658 3520 701 3532; x_wconf 92' lang='lat'><em>-</em></span> <span class='ocrx_word' id='word_1_187' title='bbox 743 3489 815 3548; x_wconf 87' lang='lat' dir='ltr'><strong>Cam</strong></span> <span class='ocrx_word' id='word_1_188' title='bbox 833 3488 914 3563; x_wconf 74' lang='lat' dir='ltr'><strong>ota,</strong></span> <span class='ocrx_word' id='word_1_189' title='bbox 941 3486 1014 3548; x_wconf 77' lang='lat' dir='ltr'><strong>Ciam</strong></span> <span class='ocrx_word' id='word_1_190' title='bbox 1032 3486 1108 3547; x_wconf 73' lang='lat' dir='ltr'><strong>iria.</strong></span> <span class='ocrx_word' id='word_1_191' title='bbox 1124 3515 1169 3530; x_wconf 93' lang='lat'>-</span> 
     </span>
     <span class='ocr_line' id='line_1_27' title="bbox 149 3599 1169 3683; baseline 0.002 -25"><span class='ocrx_word' id='word_1_192' title='bbox 149 3603 199 3661; x_wconf 80' lang='lat' dir='ltr'><strong>Val</strong></span> <span class='ocrx_word' id='word_1_193' title='bbox 225 3601 254 3675; x_wconf 89' lang='lat' dir='ltr'><strong>l,</strong></span> <span class='ocrx_word' id='word_1_194' title='bbox 281 3608 317 3677; x_wconf 86' lang='grc'><strong>7,</strong></span> <span class='ocrx_word' id='word_1_195' title='bbox 343 3606 383 3660; x_wconf 85' lang='grc'><strong>29</strong></span> <span class='ocrx_word' id='word_1_196' title='bbox 409 3620 477 3683; x_wconf 82' lang='lat' dir='ltr'><strong>sqq.</strong></span> <span class='ocrx_word' id='word_1_197' title='bbox 530 3603 660 3678; x_wconf 79' lang='lat' dir='ltr'><strong>Primus,</strong></span> <span class='ocrx_word' id='word_1_198' title='bbox 692 3604 880 3663; x_wconf 68' lang='lat' dir='ltr'><strong>Priman-</strong></span> <span class='ocrx_word' id='word_1_199' title='bbox 930 3601 1005 3677; x_wconf 83' lang='lat' dir='ltr'><strong>Hic,</strong></span> <span class='ocrx_word' id='word_1_200' title='bbox 1026 3599 1169 3660; x_wconf 70' lang='lat' dir='ltr'><strong>flet.-</strong></span> 
     </span>
     <span class='ocr_line' id='line_1_28' title="bbox 149 3712 1170 3796; baseline 0.002 -22"><span class='ocrx_word' id='word_1_201' title='bbox 149 3715 296 3790; x_wconf 76' lang='lat' dir='ltr'><strong>Bacchas,</strong></span> <span class='ocrx_word' id='word_1_202' title='bbox 326 3714 529 3775; x_wconf 75' lang='lat' dir='ltr'><strong>Barcina-</strong></span> <span class='ocrx_word' id='word_1_203' title='bbox 572 3716 624 3776; x_wconf 82' lang='lat' dir='ltr'><strong>Vel</strong></span> <span class='ocrx_word' id='word_1_204' title='bbox 647 3716 693 3792; x_wconf 88' lang='lat' dir='ltr'><strong>ll,</strong></span> <span class='ocrx_word' id='word_1_205' title='bbox 717 3720 753 3793; x_wconf 90' lang='lat'><strong>1,</strong></span> <span class='ocrx_word' id='word_1_206' title='bbox 777 3719 817 3776; x_wconf 81' lang='lat'><strong>39</strong></span> <span class='ocrx_word' id='word_1_207' title='bbox 840 3734 910 3796; x_wconf 83' lang='lat' dir='ltr'><strong>aqq.</strong></span> <span class='ocrx_word' id='word_1_208' title='bbox 962 3715 1026 3788; x_wconf 77' lang='lat' dir='ltr'><strong>Iti,</strong></span> <span class='ocrx_word' id='word_1_209' title='bbox 1056 3712 1105 3776; x_wconf 72' lang='lat' dir='ltr'><strong>itti.</strong></span> <span class='ocrx_word' id='word_1_210' title='bbox 1125 3743 1170 3756; x_wconf 93' lang='lat'><strong>·-</strong></span> 
     </span>
     <span class='ocr_line' id='line_1_29' title="bbox 151 3824 1171 3904; baseline -0.001 -18"><span class='ocrx_word' id='word_1_211' title='bbox 151 3826 245 3901; x_wconf 86' lang='lat' dir='ltr'><strong>Tunc,</strong></span> <span class='ocrx_word' id='word_1_212' title='bbox 266 3837 348 3903; x_wconf 86' lang='lat' dir='ltr'><strong>tanc,</strong></span> <span class='ocrx_word' id='word_1_213' title='bbox 368 3838 450 3903; x_wconf 83' lang='lat' dir='ltr'><strong>tuna,</strong></span> <span class='ocrx_word' id='word_1_214' title='bbox 472 3837 547 3889; x_wconf 77' lang='lat' dir='ltr'><strong>tanc.</strong></span> <span class='ocrx_word' id='word_1_215' title='bbox 568 3860 612 3873; x_wconf 95' lang='lat'><strong>—</strong></span> <span class='ocrx_word' id='word_1_216' title='bbox 653 3830 754 3904; x_wconf 83' lang='lat' dir='ltr'><strong>Rara,</strong></span> <span class='ocrx_word' id='word_1_217' title='bbox 779 3829 875 3889; x_wconf 83' lang='lat' dir='ltr'><strong>Rura.</strong></span> <span class='ocrx_word' id='word_1_218' title='bbox 890 3856 933 3873; x_wconf 92' lang='lat'><strong>-·</strong></span> <span class='ocrx_word' id='word_1_219' title='bbox 975 3826 1040 3887; x_wconf 75' lang='lat' dir='ltr'><strong>Ata</strong></span> <span class='ocrx_word' id='word_1_220' title='bbox 1060 3829 1089 3886; x_wconf 87' lang='lat' dir='ltr'><strong>in</strong></span> <span class='ocrx_word' id='word_1_221' title='bbox 1110 3824 1171 3885; x_wconf 74' lang='lat' dir='ltr'><strong>toea</strong></span> 
     </span>
     <span class='ocr_line' id='line_1_30' title="bbox 146 3936 1171 4023; baseline 0 -26"><span class='ocrx_word' id='word_1_222' title='bbox 146 3936 186 4010; x_wconf 89' lang='lat' dir='ltr'><strong>ll,</strong></span> <span class='ocrx_word' id='word_1_223' title='bbox 205 3943 233 4013; x_wconf 86' lang='lat'><strong>6,</strong></span> <span class='ocrx_word' id='word_1_224' title='bbox 251 3944 290 4000; x_wconf 88' lang='lat'><strong>21</strong></span> <span class='ocrx_word' id='word_1_225' title='bbox 310 3956 378 4023; x_wconf 88' lang='lat' dir='ltr'><strong>eqq.</strong></span> <span class='ocrx_word' id='word_1_226' title='bbox 398 3937 536 4002; x_wconf 81' lang='lat' dir='ltr'><strong>eiusdem</strong></span> <span class='ocrx_word' id='word_1_227' title='bbox 557 3941 736 4021; x_wconf 85' lang='lat' dir='ltr'><strong>anaphorae</strong></span> <span class='ocrx_word' id='word_1_228' title='bbox 748 3938 972 4021; x_wconf 81' lang='lat' dir='ltr'><strong>repetitionem</strong></span> <span class='ocrx_word' id='word_1_229' title='bbox 992 3938 1171 4017; x_wconf 85' lang='lat' dir='ltr'><strong>longiorem</strong></span> 
     </span>
     <span class='ocr_line' id='line_1_31' title="bbox 147 4046 1171 4137; baseline 0.009 -34"><span class='ocrx_word' id='word_1_230' title='bbox 147 4046 347 4134; x_wconf 88' lang='lat' dir='ltr'><strong>interrumpit</strong></span> <span class='ocrx_word' id='word_1_231' title='bbox 369 4054 429 4116; x_wconf 82' lang='lat' dir='ltr'><strong>sic:</strong></span> <span class='ocrx_word' id='word_1_232' title='bbox 450 4057 530 4136; x_wconf 79' lang='lat' dir='ltr'><strong>Spes,</strong></span> <span class='ocrx_word' id='word_1_233' title='bbox 547 4056 626 4137; x_wconf 78' lang='lat' dir='ltr'><strong>Spes,</strong></span> <span class='ocrx_word' id='word_1_234' title='bbox 648 4055 743 4131; x_wconf 81' lang='lat' dir='ltr'><strong>Haec,</strong></span> <span class='ocrx_word' id='word_1_235' title='bbox 761 4055 842 4131; x_wconf 79' lang='lat' dir='ltr'><strong>haec,</strong></span> <span class='ocrx_word' id='word_1_236' title='bbox 861 4055 941 4135; x_wconf 80' lang='lat' dir='ltr'><strong>Spes.</strong></span> <span class='ocrx_word' id='word_1_237' title='bbox 955 4086 996 4100; x_wconf 91' lang='lat'>—</span> <span class='ocrx_word' id='word_1_238' title='bbox 1023 4049 1171 4115; x_wconf 87' lang='lat' dir='ltr'><strong>Secundo</strong></span> 
     </span>
     <span class='ocr_line' id='line_1_32' title="bbox 146 4155 1172 4246; baseline 0.008 -30"><span class='ocrx_word' id='word_1_239' title='bbox 146 4155 217 4220; x_wconf 91' lang='lat' dir='ltr'><strong>loco</strong></span> <span class='ocrx_word' id='word_1_240' title='bbox 237 4163 335 4228; x_wconf 84' lang='lat' dir='ltr'><strong>affero</strong></span> <span class='ocrx_word' id='word_1_241' title='bbox 355 4172 532 4228; x_wconf 74' lang='lat' dir='ltr'><strong>mmatranam</strong></span> <span class='ocrx_word' id='word_1_242' title='bbox 548 4171 754 4246; x_wconf 77' lang='lat' dir='ltr'><strong>pronominum,</strong></span> <span class='ocrx_word' id='word_1_243' title='bbox 776 4167 832 4227; x_wconf 82' lang='lat' dir='ltr'><strong>nbi</strong></span> <span class='ocrx_word' id='word_1_244' title='bbox 850 4165 890 4228; x_wconf 89' lang='lat' dir='ltr'><strong>de</strong></span> <span class='ocrx_word' id='word_1_245' title='bbox 908 4162 1016 4227; x_wconf 89' lang='lat' dir='ltr'><strong>eadem</strong></span> <span class='ocrx_word' id='word_1_246' title='bbox 1035 4184 1172 4245; x_wconf 86' lang='lat' dir='ltr'><strong>peraona</strong></span> 
     </span>
     <span class='ocr_line' id='line_1_33' title="bbox 143 4278 1172 4362; baseline 0.012 -38"><span class='ocrx_word' id='word_1_247' title='bbox 143 4286 267 4351; x_wconf 75' lang='lat' dir='ltr'><strong>serino,</strong></span> <span class='ocrx_word' id='word_1_248' title='bbox 296 4292 329 4339; x_wconf 86' lang='lat' dir='ltr'><strong>ut</strong></span> <span class='ocrx_word' id='word_1_249' title='bbox 351 4279 380 4355; x_wconf 91' lang='lat'><strong>1,</strong></span> <span class='ocrx_word' id='word_1_250' title='bbox 404 4283 439 4356; x_wconf 86' lang='lat'><strong>4,</strong></span> <span class='ocrx_word' id='word_1_251' title='bbox 462 4280 501 4340; x_wconf 81' lang='lat'><strong>45</strong></span> <span class='ocrx_word' id='word_1_252' title='bbox 523 4299 592 4362; x_wconf 83' lang='lat' dir='ltr'><strong>eqq.</strong></span> <span class='ocrx_word' id='word_1_253' title='bbox 637 4282 736 4354; x_wconf 82' lang='lat' dir='ltr'><strong>llaec,</strong></span> <span class='ocrx_word' id='word_1_254' title='bbox 760 4282 843 4360; x_wconf 82' lang='lat' dir='ltr'><strong>ipsa,</strong></span> <span class='ocrx_word' id='word_1_255' title='bbox 872 4291 900 4340; x_wconf 84' lang='lat' dir='ltr'><strong>et</strong></span> <span class='ocrx_word' id='word_1_256' title='bbox 924 4278 955 4350; x_wconf 92' lang='lat' dir='ltr'><strong>l,</strong></span> <span class='ocrx_word' id='word_1_257' title='bbox 978 4283 1011 4352; x_wconf 83' lang='lat'><strong>5,</strong></span> <span class='ocrx_word' id='word_1_258' title='bbox 1035 4281 1077 4337; x_wconf 79' lang='grc'><strong>49</strong></span> <span class='ocrx_word' id='word_1_259' title='bbox 1101 4299 1172 4359; x_wconf 82' lang='lat' dir='ltr'><strong>sqq.</strong></span> 
     </span>
    </p>
   </div>
   <div class='ocr_carea' id='block_1_3' title="bbox 0 0 1255 4838">
    <p class='ocr_par' dir='ltr' id='par_1_9' title="bbox 0 0 1255 4838">
     <span class='ocr_line' id='line_1_34' title="bbox 0 0 1255 4838; baseline 0 0"><span class='ocrx_word' id='word_1_260' title='bbox 0 0 1255 4838; x_wconf 95' lang='lat' dir='ltr'><strong> </strong></span> 
     </span>
    </p>
   </div>
  </div>
 </body>
</html>
