2468 4838
471 608 654 678 TIBULLI.
1021 635 1089 675 xsn

57 782 202 867 quidem,
224 795 261 843 ut
282 739 369 857 dixi,
390 779 419 841 ei
439 778 614 845 innotuisse
633 756 757 846 videtur
781 802 851 846 cum
873 795 945 866 post
965 786 1082 869 stipen-

56 900 108 963 dia
120 900 266 963 consecto
280 895 416 959 Roriam
430 896 583 974 rediisset,
605 896 687 961 unde
708 900 815 980 paullo
835 912 907 980 post
928 922 998 963 cum
1016 904 1083 964 bel·

55 1016 119 1076 lum
134 1027 249 1076 contra
263 1013 437 1075 Antonium
455 1027 622 1097 pararetur
639 1017 678 1078 eb
696 1013 876 1096 Octaviano,
896 1015 987 1080 initio
1007 1039 1082 1080 omn

57 1137 140 1208 723„
158 1129 312 1193 invitatus
331 1139 384 1202 est¹
395 1139 431 1189 ut
451 1128 654 1192 comitaretur
673 1141 854 1214 patronum.
896 1128 959 1193 Sed
972 1131 1083 1193 'libul-

55 1248 103 1307 lus
125 1245 229 1307 civilia
253 1265 345 1306 arma
364 1263 480 1308 exosus
500 1246 642 1321 nolebat,
669 1257 699 1308 et
723 1245 868 1325 fatigatus
895 1244 1013 1307 bellicis
1036 1247 1082 1307 le·

56 1363 184 1425 boribus
206 1360 337 1425 tandem
356 1358 396 1425 sd
416 1360 566 1423 rusticam
585 1362 681 1427 vitam
705 1361 808 1424 redire
829 1361 991 1443 cupiebat,
1021 1384 1085 1447 qua

57 1480 108 1542 diu
131 1490 288 1543 caruerat.
330 1478 383 1540 stc
403 1479 518 1560 scripta
542 1479 638 1559 elegia
655 1478 758 1561 primu
778 1479 851 1541 libri
874 1478 979 1561 primi.
1021 1479 1082 1540 Ac·

57 1594 185 1656 cedebat
207 1613 298 1655 antor
318 1591 446 1669 Deliae,
467 1605 499 1653 et
518 1592 586 1673 ipse
606 1592 742 1674 primum
763 1592 798 1653 in
820 1593 877 1655 hac
898 1594 996 1674 elegia
1014 1615 1080 1657 me·

56 1725 205 1775 moratus.
250 1709 302 1772 De
323 1729 388 1792 quo
404 1729 487 1772 nunc
505 1708 615 1771 dcent.
658 1709 784 1771 Etenim
798 1710 880 1771 eirca
898 1709 1079 1785 idem'tem-

54 1845 134 1906 pus,
166 1844 231 1906 quo
258 1822 293 1884 in
316 1823 470 1887 Messalae
500 1822 665 1886 amicitiam
698 1822 801 1900 venit,
832 1824 927 1887 etiem
954 1827 1079 1888 Deliam

55 1960 160 2003 amare
181 1936 299 2021 coepit,
319 1940 456 2020 puellam
479 1939 752 2015 formosissimam,
775 1941 863 2003 eteius
886 1942 1009 2019 faciem,
1033 1956 1080 2006 te-

55 2075 148 2117 neros
176 2056 326 2130 lacertos,
358 2073 463 2117 eomas
485 2053 582 2117 ssaves
608 2052 633 2129 l,
656 2059 686 2130 5,
708 2055 760 2116 ts.
786 2051 903 2116 laudm.
956 2056 1080 2117 Verum

55 2192 169 2234 nomen
201 2171 270 2233 eius
298 2171 405 2232 Plania
432 2169 509 2245 suit,
542 2181 576 2231 ut
604 2190 646 2231 ex
677 2171 823 2251 Appulei.
845 2172 978 2253 Apolog.
1005 2178 1078 2235 106.

55 2286 202 2352 Oudend.
223 2287 385 2363 novimus,
406 2287 464 2349 ubi
485 2285 612 2365 legitur:
639 2287 761 2362 „eadem
781 2291 866 2364 igitur
885 2310 973 2368 opera
991 2311 1080 2350 occu·

55 2418 110 2464 seut
131 2406 166 2464 C.
187 2403 346 2478 Catullum,
373 2400 452 2482 quod
473 2399 603 2460 Lesbiam
621 2421 676 2481 pro
700 2400 802 2461 Clodio
820 2404 970 2463 αααιίαανῐι
988 2434 1033 2447 -
1052 2415 1079 2463 et
1191 2482 1197 2493 ·

56 2521 249 2600 Pmpemlum,
271 2523 321 2600 qui
340 2517 486 2599 Cyutlriem
509 2517 606 2592 dicat,
631 2516 767 2577 llorttam
788 2517 953 2594 dissimulet,
981 2528 1008 2578 ct
1031 2517 1078 2577 Tt-

58 2632 171 2708 lmllnm,
190 2631 266 2714 quod
285 2636 314 2692 ei
330 2634 366 2692 stt
386 2631 494 2692 Plania
511 2635 541 2691 ιά
561 2635 665 2707 amuco,
685 2630 769 2692 Delia
786 2635 815 2691 ln
836 2633 944 2693 uersu.“
987 2627 1077 2706 Quae

56 2748 178 2826 uulgata
194 2746 297 2807 lectio.
340 2744 410 2806 Atta
426 2744 497 2806 lect.
514 2744 633 2805 Plautio
651 2742 691 2803 ab
709 2741 939 2817 Elmenhorstio
955 2765 986 2823 p.
1004 2750 1077 2805 327.

57 2884 73 2922 e
93 2859 184 2921 Fnlr.
203 2870 311 2921 notata
332 2870 378 2920 est
400 2871 431 2919 et
452 2879 503 2939 ap.
524 2857 657 2920 Hieron.
676 2855 881 2919 Alexandrin.
903 2859 937 2918 in
959 2858 1076 2920 Tibull.

58 2976 105 3037 ed.
120 2975 265 3038 Huecltk.
289 2973 328 3035 T.
352 2973 377 3034 l.
397 2994 429 3053 p.
449 2970 519 3033 XC.
539 2972 683 3033 habetur.
727 2971 791 3031 Alii
812 2969 948 3053 denique
968 2975 1074 3036 conie-

58 3103 163 3153 cerunt
182 3092 294 3167 Πανία,
313 3090 447 3166 Plancio,
464 3091 589 3153 Planco.
631 3084 693 3150 Sed
714 3107 824 3150 verum
840 3107 955 3149 nomen
968 3090 1074 3150 Plania

57 3205 145 3266 etiam
174 3203 318 3284 Spohnio
346 3200 466 3279 iudice,
499 3200 539 3264 ad
570 3198 656 3285 quod
687 3197 876 3262 &mondum
904 3200 965 3261 iam
998 3203 1074 3274 olim

56 3318 290 3381 Brouckhusius
311 3318 533 3400 Inscriptiones
558 3339 609 3400 ap.
630 3317 720 3380 Grut.
744 3319 875 3381 contulit
896 3317 935 3381 ad
957 3320 1027 3383 Tib.
1047 3320 1072 3397 1,

59 3437 84 3507 1,
106 3440 157 3494 57.
179 3453 262 3515 quiae
281 3434 417 3514 probant
438 3431 615 3494 Romanum
637 3431 734 3494 luisse
753 3416 866 3495 nomen
876 3478 886 3511 ,
907 3437 1072 3500 Pessovius

56 3558 156 3608 aretem
176 3549 210 3608 in
235 3545 385 3608 Scebodii
404 3546 529 3608 Horreo
550 3546 661 3627 philol.
682 3560 715 3609 et
736 3547 863 3631 paedag,
885 3558 1072 3616 ann.1825.

10 3700 12 3727 ι
56 3683 84 3741 p.
108 3667 182 3725 191.
204 3675 312 3726 namet
333 3664 517 3726 sententiam
538 3663 601 3724 riri
624 3662 782 3726 cuiusdam
805 3663 904 3743 docti,
929 3667 983 3749 qui
1005 3669 1072 3728 De·

10 3816 12 3823 ·
56 3779 110 3839 liae
133 3800 251 3842 nomen
269 3780 313 3839 ita
336 3800 354 3840 a
375 3776 474 3862 δῆλος
494 3777 622 3841 ductum
638 3780 767 3860 putabat
782 3792 817 3841 ut
831 3781 959 3841 Planius
975 3785 1072 3864 opla-

10 3896 12 3917 '
55 3914 115 3970 uns,
138 3907 169 3955 et
190 3893 268 3956 illud
290 3895 386 3957 buius
406 3897 640 3958 translationem
660 3895 821 3958 Graecam.
864 3893 927 3956 Sed
950 3895 988 3957 de
1010 3900 1071 3962 hoc

57 4011 129 4071 alins
146 4032 329 4094 comparare
345 4012 434 4074 malit
449 4011 617 4095 Cynthium
632 4012 791 4093 Propertii
810 4011 975 4075 manifesto
995 4034 1072 4095 pro·

56 4135 119 4201 pter
129 4126 311 4207 Apollinem
326 4146 458 4208 poeseos
472 4138 632 4189 auctorem
645 4122 769 4187 dictam.
793 4125 865 4207 Ipsa
876 4146 951 4190 vero
965 4130 1071 4210 puella

56 4235 115 4297 sive
132 4239 297 4302 libertinae
319 4238 516 4317 conditionis,
537 4239 603 4301 sive
625 4238 711 4323 quod
728 4240 833 4302 malim
853 4244 983 4305 omnino
1004 4246 1071 4325 ple-

56 4351 137 4419 beiae
153 4355 294 4437 originis,
315 4354 514 4421 hauddubie
534 4377 575 4419 ex
598 4377 635 4420 eo
657 4358 845 4423 seminarum
859 4357 976 4423 'ordine
995 4374 1071 4435 erat,

765 4476 785 4538 b
