2468 4838
542 566 737 661 TlBULng
1064 596 1142 683 unu

112 756 212 799 unum
236 749 287 801 est
309 735 398 821 quod
416 740 688 823 praemonendam
710 741 846 809 videam.
887 743 979 826 scio,
1000 748 1069 812 sine
1090 752 1139 813 in-

111 854 223 934 genio,
253 856 415 923 moriam
437 860 637 940 phantasiae,
665 860 772 939 vigore
793 881 941 923 sensuum
963 884 1027 926 non
1047 886 1139 946 posse

112 966 181 1030 fieri
202 971 347 1033 earmina
367 993 442 1036 vers
460 977 596 1056 poetice,
617 974 672 1039 sed
692 976 752 1037 hec
772 995 824 1039 res
846 978 998 1041 maximae
1020 982 1140 1045 censeri

113 1079 232 1145 debent
252 1085 508 1167 etque·etism.s
527 1107 579 1148 me
601 1099 786 1166 censentur;
814 1109 924 1151 verum
951 1092 1014 1153 scio
1044 1092 1138 1157 etiam

112 1195 192 1273 boc,
218 1196 339 1278 ingenii
365 1200 468 1263 forms
496 1213 528 1265 et
555 1221 616 1265 usu
643 1203 836 1265 tractationis
857 1201 944 1264 nesci
964 1205 1138 1269 necessario

113 1308 291 1375 distinctum
308 1312 467 1396 quendam
489 1317 623 1398 speciem
643 1315 878 1398 compositionis
894 1317 1055 1397 propriam
1072 1339 1139 1380 car·

112 1425 251 1490 minibus
271 1425 413 1491 eiusdem
432 1416 543 1512 poetas
565 1433 723 1494 omnibus.
763 1430 854 1493 Hanc
874 1431 1000 1510 ingenio
1022 1431 1139 1513 pariter

113 1552 147 1603 et
167 1541 229 1603 atti
250 1538 387 1604 debitam
410 1563 495 1605 nunc
516 1546 696 1626 quaerimus
717 1544 753 1605 in
770 1541 889 1605 Tibulli
910 1541 1017 1622 poesi;
1039 1564 1137 1626 quare

112 1654 182 1716 noli
197 1653 335 1733 credere,
356 1658 401 1718 mi
419 1660 526 1734 lector,
547 1658 703 1739 negligere
720 1678 779 1720 nos
800 1657 961 1738 ingenium
983 1671 1014 1721 et
1034 1660 1135 1739 phen-

112 1770 224 1834 tasism
249 1774 406 1853 poeticam
432 1787 463 1837 st
493 1775 582 1853 talia,
612 1773 643 1837 si
656 1774 788 1838 “formas
817 1772 893 1836 dum
922 1777 1136 1856 explanamus,

112 1903 181 1944 non
196 1886 367 1965 repetimus
380 1886 415 1949 in
437 1907 564 1970 qusque
578 1889 692 1969 pagina
714 1889 809 1953 etism
823 1887 911 1966 illud,
933 1886 1021 1970 quod
1041 1910 1135 1954 nemo

111 2000 228 2079 nescit,
259 2013 397 2065 ceterum
422 2023 481 2084 per
506 2015 609 2066 totum
634 2005 719 2067 hunc
750 2006 869 2067 librans
897 2003 1003 2066 multis
1032 2004 1135 2069 modis

110 2113 317 2192 signium
344 2113 461 2179 videas.
508 2114 753 2199 Disquisitiones
782 2116 821 2181 tls
850 2116 1075 2199 compositione
1105 2129 1136 2178 ct

111 2225 214 2287 forma
237 2247 371 2308 operum
391 2236 534 2293 veterum
556 2242 592 2291 ut
612 2228 811 2292 difficillimae
836 2242 909 2292 sunt
928 2231 973 2291 ita
994 2249 1135 2291 necessa·

110 2337 176 2400 riae
197 2341 344 2418 maxime,
368 2355 524 2404 ettamen
547 2342 603 2404 vix
626 2355 673 2406 est
694 2334 781 2426 quo‘d
801 2344 896 2422 vulgo
917 2342 1059 2425 iniquius
1084 2363 1135 2405 sc·
1158 2378 1171 2405 s

111 2453 239 2538 dpiant.
279 2456 350 2518 Hoc
370 2457 464 2537 igitur
484 2456 587 2518 facere
607 2455 685 2521 noli.
728 2458 795 2518 lam
816 2457 980 2520 veniamus
999 2453 1135 2518 adrem.

195 2573 330 2654 Propria
350 2584 398 2634 est
418 2573 549 2653 elegiae,
571 2585 607 2634 ut
629 2584 764 2651 constat,
785 2572 880 2634 letior
901 2585 931 2635 et
951 2573 1053 2635 fusior
1076 2593 1134 2633 cx·

108 2686 243 2766 positio;
271 2706 337 2748 non
365 2687 464 2767 tangit
492 2706 613 2748 summa
640 2698 762 2748 tantum
792 2686 914 2765 lastigie
942 2707 1066 2764 rerum,
1097 2699 1134 2748 ut

109 2795 171 2861 ode
192 2801 290 2861 mults
311 2800 449 2863 brevitor
470 2801 678 2881 complectens
699 2800 826 2863 sublimi
846 2802 972 2879 volatu,
999 2799 1054 2862 scd
1076 2821 1132 2862 cx·

108 2910 222 2992 plicato
242 2923 274 2974 et
291 2912 425 2974 verbose
445 2923 614 2994 pertractat
629 2913 784 2990 allectum,
807 2933 872 2996 quo
893 2914 975 2976 forte
994 2935 1132 2978 commo·

108 3037 203 3087 vetur
239 3023 380 3101 animus,
419 3045 489 3086 cum
517 3038 653 3087 metrum
682 3027 850 3105 elegiacum
880 3029 1073 3108 simplicitate
1103 3040 1133 3090 et

107 3135 315 3218 amplitudine
336 3138 417 3201 iusta
437 3157 515 3219 prae
537 3136 604 3198 eliis
628 3135 749 3199 adhoc
775 3138 816 3199 sit
845 3152 952 3225 aptum
982 3151 1013 3200 et
1039 3142 1132 3218 plane

107 3251 244 3328 iactum,
267 3272 326 3313 nec
346 3252 500 3314 habeatur
519 3247 604 3313 aliud
624 3251 726 3311 ullum
747 3250 781 3310 in
802 3249 909 3332 lyricis
929 3248 1133 3312 commodius.

107 3361 173 3426 ssd
193 3364 238 3426 ita
260 3367 296 3427 fit
324 3377 360 3426 ut
386 3365 480 3426 etism
504 3365 639 3429 varietas
670 3361 824 3446 quaedam
852 3384 959 3426 rerum
989 3364 1131 3445 opprime

106 3477 274 3541 conveniat
289 3478 412 3558 elegiae,
434 3500 516 3561 quae
531 3479 621 3540 aliter
633 3478 723 3542 facile
739 3478 845 3541 ieiuna
862 3478 897 3540 fit
915 3491 946 3540 et
967 3477 1131 3559 languida3

104 3595 173 3675 ipsa
193 3606 310 3656 natura
335 3594 431 3657 banus
459 3613 592 3676 poeseos
618 3593 769 3658 invitante
790 3593 978 3659 diffunditur
999 3597 1130 3657 affectus

105 3709 141 3772 in
166 3711 272 3774 varias
307 3721 413 3791 partes
449 3722 479 3771 ct
515 3711 577 3772 huc
605 3710 680 3772 illuc
712 3712 862 3788 vertitur,
898 3707 998 3772 donec
1025 3711 1131 3771 levato

105 3839 231 3906 pectore
258 3825 382 3887 exitum
409 3826 658 3908 qualemcunque
687 3847 811 3889 carmen
834 3825 984 3890 inveniat.
1032 3821 1131 3886 Vide·

105 3941 206 4003 bimus
228 3939 315 4002 inira
335 3951 373 4001 ut
394 3940 487 4001 etism
515 3940 550 4002 in
578 3939 709 4019 simplici
732 3952 918 4018 argumento
948 3938 1052 4000 suavis
1074 3959 1129 4000 va-

104 4053 195 4119 rietes
216 4058 391 4118 effectuum
413 4056 512 4137 possit
532 4076 613 4132 esse,
635 4065 741 4116 tamen
761 4073 827 4116 non
849 4073 942 4116 onme
965 4074 1129 4133 argumen-

106 4178 169 4231 tum
192 4189 330 4252 msgnae
357 4169 500 4232 varietati
520 4170 712 4253 mactationis
733 4181 858 4250 aptum,
887 4189 944 4230 nec
964 4180 1130 4250 poetarum

107 4290 244 4352 omnium
278 4289 442 4368 ingenium
469 4287 577 4349 simile.
628 4286 690 4352 Sed
712 4288 872 4351 Tibullum
899 4286 1026 4370 quidem
1053 4289 1131 4352 levis
