2468 4838
41 420 48 431 x

107 635 209 677 xxxiv
526 613 584 679 DE
606 613 709 681 VITA

106 781 249 847 dedicant
271 800 407 845 carmen.
457 777 521 843 Setl
544 800 615 844 cum
635 783 700 847 sive
722 802 741 843 a
763 781 889 846 Tibullo
911 783 977 846 sive
1000 783 1040 845 ab
1064 782 1130 845 edi·

105 912 175 963 tore
198 911 277 963 esset
303 901 339 962 in
361 899 465 982 quarti
484 899 560 961 libri
581 897 719 978 elegidiis
742 896 884 962 Corinthi
905 920 1023 962 nomen
1040 902 1130 982 posi·

106 1027 190 1091 tum,
219 1013 329 1078 debuit
355 1013 457 1078 editor
482 1014 568 1078 idem
598 1017 788 1078 constantiae
811 1035 905 1078 causa
932 1011 1129 1077 insecundo

106 1128 223 1206 lacere,
255 1148 325 1191 cum
348 1126 457 1191 eadem
477 1149 614 1209 persons
636 1140 729 1207 essct,
761 1127 847 1210 quod
872 1147 939 1190 non
960 1126 1129 1190 dubitabis,

105 1245 209 1325 Atque
231 1243 276 1305 ita
295 1243 433 1307 redimus
458 1242 542 1306 utstle
563 1245 696 1325 profecti
716 1266 833 1324 sumus,
859 1266 929 1309 cum
952 1242 1128 1308 diceremus

104 1361 231 1422 ultimos
255 1372 318 1421 tres
339 1361 438 1422 libros
464 1361 558 1421 simul
585 1358 684 1422 editos
705 1358 805 1424 videri
825 1372 1052 1442 postmortem
1073 1362 1128 1423 Ti·

103 1477 183 1539 bulli
203 1477 243 1537 ab
265 1476 327 1539 alio
350 1475 488 1559 quodam
508 1476 648 1539 homino.
690 1478 741 1539 De
757 1498 872 1562 quare
889 1475 1007 1541 dictum
1025 1499 1127 1560 quan·

105 1593 279 1655 tumeatis.

190 1705 325 1787 Priapes
345 1703 411 1768 duo
433 1707 580 1783 carmina,
603 1728 683 1789 quae
704 1707 857 1787 Iosephus
877 1704 1017 1787 Scaliger
1036 1727 1070 1769 se
1092 1707 1126 1768 in

102 1821 208 1888 coelice
230 1822 399 1885 Guiaciano
427 1824 511 1885 inter
531 1824 649 1886 Tibulli
677 1843 775 1904 opera
800 1823 955 1903 reperisse
983 1834 1125 1900 testatur,

103 1935 262 2019 quomodo
283 1938 346 2000 huc
366 1939 511 2000 venerint
530 1937 769 2018 ignotum3'pr0
792 1935 978 1998 Tibullianis
1000 1957 1038 1998 ea
1059 1957 1124 1999 non

101 2054 226 2117 habeas.

186 2164 326 2229 Sublicio
355 2177 555 2248 conspectum
583 2169 710 2230 brevem
741 2167 822 2230 vitae
851 2162 990 2241 Tibulli,
1028 2175 1122 2245 prout

98 2302 150 2344 res
172 2280 318 2345 ordinare
339 2280 536 2345 tentavimus.

103 2523 185 2587 Cice.
210 2528 291 2586 695.
323 2523 425 2588 Nemo
444 2522 572 2588 videtur
589 2525 743 2588 Tibullus.

120 2657 192 2701 ann.
214 2643 288 2700 712.
322 2640 453 2703 Penates
474 2637 605 2722 reliquit
625 2635 780 2721 stipendia
807 2634 965 2720 equesnia
992 2635 1119 2698 morilu-

363 2776 417 2817 rus
447 2766 548 2817 aetate
576 2753 713 2836 militari.
756 2749 879 2832 Scripta
901 2748 1000 2830 elegia
1020 2749 1047 2826 l,
1073 2756 1119 2812 1⁰.

118 2886 193 2929 anu.
212 2872 285 2927 722.
319 2866 424 2927 Rediit
442 2878 515 2946 post
533 2863 639 2926 decem
656 2882 765 2941 amros,
788 2862 936 2925 confectis
955 2860 1117 2942 stipendiis

172 2944 213 3021 ι
362 2979 569 3062 equestribus.
620 2977 658 3038 In
678 2976 832 3039 Messalae
855 2976 1021 3038 amicitiam
1039 2974 1117 3037 reci·

359 3093 455 3175 pitur.
479 3123 521 3138 -
554 3088 676 3154 Eodem
702 3102 843 3171 tempore
865 3089 992 3152 Deliam
1013 3107 1115 3151 amare

360 3207 472 3290 coepit.

117 3343 190 3385 ann.
206 3329 279 3386 723.
316 3320 431 3386 Scribit
452 3323 528 3401 eleg.
553 3320 648 3396 1‚1.‚
682 3338 751 3382 ctmt
772 3317 919 3380 invitatus
942 3338 961 3377 a
981 3315 1117 3380 Messala

316 3509 318 3515 Ι
358 3445 394 3494 ut
414 3452 519 3494 sectum
540 3433 600 3492 iret
620 3430 654 3490 in
670 3430 788 3492 bellum
807 3442 917 3492 contra
931 3429 1115 3498 Antonium,

358 3543 449 3627 sequi
471 3545 579 3605 nollet.
623 3542 671 3604 Ad
691 3545 839 3605 rusticam
858 3543 962 3623 ¹vitam
988 3541 1115 3607 tandem

357 3678 389 3719 se
411 3655 587 3719 rediturum
614 3656 699 3721 dicia
741 3654 805 3740 (Ab
827 3658 887 3719 alio
909 3658 1025 3719 iurene
1049 3671 1115 3719 tum
1154 3648 1158 3653 ’

358 3795 453 3839 earm.
471 3775 526 3851 IV,
547 3778 575 3836 1.
596 3767 769 3856 scriptum)
812 3772 933 3834 Tamen
952 3772 1012 3834 sub
1034 3771 1115 3833 eius·

357 3886 428 3950 dem
456 3887 531 3948 anni
560 3886 654 3948 linem
682 3908 753 3951 eum
773 3869 906 3950 Messala
927 3886 962 3947 in
983 3885 1115 3969 Aquita·

357 4001 442 4062 sumn
464 4000 684 4083 proficiscitur.

114 4132 186 4172 ann.
208 4113 279 4175 724.
314 4117 491 4177 Auetumno
517 4137 588 4177 cum
611 4116 745 4178 Messala
773 4117 807 4177 iu
830 4111 993 4179 Orientem
1018 4114 1114 4194 proli-

358 4228 490 4304 eiscens‚
521 4231 635 4290 morbo
662 4228 814 4289 retinetur
833 4230 867 4290 in
890 4227 1031 4313 Corcyra
1052 4231 1112 4293 ibi·

359 4361 419 4422 que
441 4341 548 4404 scribit
571 4343 646 4420 eleg.
667 4341 692 4417 Ι,
715 4346 745 4401 3.
