2468 4838
122 631 177 670 tut

123 805 308 885 veniuntur,
340 827 433 890 quem
458 827 542 870 nnnc
568 808 682 871 Veetru
711 818 742 869 et
768 808 901 871 eliorum
929 828 1031 892 aequo
1057 807 1140 872 indi·

123 947 172 1013 eie
193 947 388 1015 commendo.
434 947 516 1014 Sunt
537 951 595 1033 qui
615 951 753 1030 vigorem
773 970 922 1013 eeneuum
949 962 982 1013 et
1007 951 1140 1032 phante-

122 1093 186 1159 eiae
216 1096 370 1179 poeticam
399 1095 590 1161 alacritatem
623 1097 726 1179 frangi
757 1095 885 1161 credam
911 1098 985 1160 artie
1018 1114 1078 1157 usu
1109 1108 1140 1157 et

122 1259 247 1305 meeum
266 1242 408 1304 furorem
427 1241 622 1325 praeferant,
644 1241 701 1325 qui
721 1240 799 1304 mihi
815 1259 929 1322 parum
948 1251 1089 1303 acernete
1108 1250 1140 1299 et

121 1393 231 1463 poetae
259 1382 370 1463 legisse
396 1394 428 1446 et
454 1401 523 1445 rem
544 1381 645 1465 ipeam
665 1400 725 1463 per
745 1400 779 1444 ee
798 1379 1010 1446 considerasse
1029 1377 1140 1444 viden·

122 1535 184 1587 tur.
224 1522 382 1589 Nimirum
402 1524 517 1607 frmgit
536 1543 587 1589 are
607 1523 767 1606 ingenium
788 1545 871 1608 qnae
890 1522 1063 1598 dissimilia,
1085 1518 1140 1584 ed-

121 1672 209 1734 iuvat
229 1690 309 1752 quae
330 1670 501 1733 conformia
507 1713 516 1747 ,
537 1666 682 1734 elaeeieue
701 1682 806 1733 autem
826 1669 960 1750 scriptor
987 1665 1089 1730 nuruis
1110 1679 1140 1729 et

121 1822 189 1873 erte
209 1823 240 1873 et
258 1811 383 1893 ingenio
404 1813 517 1894 pellet,
542 1812 699 1895 habetque
727 1815 804 1877 haee
826 1814 870 1875 ita
891 1813 1071 1888 coniuncta,
1105 1824 1141 1872 nt

122 1971 186 2014 una
213 1951 254 2013 eit
277 1953 325 2014 vie
356 1952 530 2034 utriusque.
580 1950 675 2028 Quod
704 1953 797 2015 etiam
816 1953 963 2016 Tibullus
995 1955 1140 2036 exemplo

122 2109 181 2155 eno
201 2095 385 2175 comprobat
406 2097 535 2176 egregie.
586 2095 707 2171 Verum
730 2093 807 2179 quid
828 2095 902 2159 talia
921 2095 1038 2172 Vobis,
1069 2097 1141 2178 qui-

122 2235 182 2299 bue
209 2256 304 2300 nemo
335 2237 450 2300 rectius
478 2234 517 2300 de
539 2254 671 2318 poeeeoe
692 2196 815 2301 ratione
841 2234 980 2302 iudicat?
1028 2239 1141 2301 Valere

122 2377 232 2460 igitur,
261 2377 381 2462 Optimi
409 2379 496 2457 viri,
528 2397 559 2442 et
585 2382 703 2463 pergite
732 2393 766 2445 ut
797 2381 896 2445 secitie
926 2382 1003 2446 mihi
1026 2383 1140 2458 severe,

123 2516 258 2607 prorum
279 2521 412 2585 amicitia
432 2522 546 2586 mirum
569 2533 720 2604 quantum
740 2525 849 2585 laetor.
