2468 4838
79 386 85 397 1

544 611 727 678 TIBULLI.
1067 642 1153 686 uxum

121 783 192 844 haee
223 800 338 844 unum
365 793 463 846 restet
485 793 522 847 ut
542 794 676 866 tongam.
722 783 846 849 Etenim
875 799 969 870 poeto
998 789 1150 870 elegiacos

122 897 211 961 etism
242 899 337 963 leuet
364 910 473 980 peetus
502 919 596 962 suum
626 902 727 965 effuso
754 903 789 964 in
809 907 908 968 verbs
930 910 1041 970 ellectu
1066 906 1151 992 (Ari-

123 1024 254 1075 menet.
276 1014 304 1090 I,
326 1012 418 1093 epist.
442 1015 500 1075 16:
528 1005 652 1088 ’Ἅπας
671 1006 736 1102 yde
757 1007 797 1083 δι’
819 1010 934 1086 ὁτιοῦν
957 1010 1153 1110 α’χθόμενοα

124 1121 186 1214 τὴν
206 1116 348 1216 ψυχήν,
375 1116 415 1191 sd
440 1123 577 1193 λαποῦν
596 1126 743 1194 ἐκλαλῶν
765 1129 969 1215 ἐπικουφίζει
989 1131 1049 1217 τῆς
1069 1126 1152 1220 stp-

125 1237 252 1326 μονέας
272 1229 315 1305 τὸ
336 1227 481 1323 stipor),
496 1238 583 1323 quod
604 1262 636 1304 v.
658 1263 685 1304 c.
705 1244 808 1304 solum
831 1244 997 1306 consilium
1016 1246 1076 1308 suit
1097 1246 1152 1310 de.

127 1359 198 1421 cimi
218 1355 368 1418 carminis
388 1355 496 1437 scripti
515 1356 587 1418 libr.
607 1375 673 1438 φη
695 1369 801 1420 tmnen
817 1357 910 1419 etism
926 1361 1004 1421 haec
1019 1380 1071 1423 res
1085 1383 1151 1425 non

128 1480 174 1531 est
199 1470 288 1551 paris
315 1466 468 1530 momeuu‘
495 1466 580 1550 epud
607 1488 732 1547 omnes,
762 1482 800 1532 ut
829 1469 913 1552 opud
941 1474 1152 1555 Propertium.

126 1581 297 1661 Pet-magni
316 1600 394 1646 vero
419 1581 570 1643 momenti
592 1581 677 1665 opud
698 1582 862 1646 Tibullum
883 1598 946 1663 est,
975 1588 1031 1670 qui
1053 1610 1151 1673 φιιιοι

126 1697 289 1780 praeclare
310 1693 350 1757 ed
372 1681 457 1757 buno
478 1698 689 1760 commotioris
708 1697 805 1759 enimi
820 1699 923 1762 nisum
941 1721 1068 1764 cursum
1087 1705 1151 1767 ele-

128 1811 251 1892 giarum
279 1806 485 1890 expresserit,
514 1808 617 1871 statim
638 1808 770 1873 uidebis.
824 1812 890 1872 lam
911 1812 995 1874 enim
1019 1834 1057 1876 eo
1078 1835 1152 1896 per·

129 1936 273 2002 rentum,
295 1934 331 1985 ut
352 1942 480 1986 cursum
500 1925 613 1988 herum
636 1926 803 2006 elegiarum
828 1924 1049 1991 describamus.

212 2038 449 2118 Distinguamus
471 2050 576 2100 autem
597 2050 669 2101 ente
699 2039 804 2101 omnis
832 2042 998 2119 exordium,
1028 2044 1151 2107 meddam

128 2173 254 2230 eanum,
273 2156 390 2230 summu,
412 2150 549 2214 adhibite
571 2154 621 2215 bis
642 2153 746 2233 elegiis
767 2155 906 2216 Platonis
929 2155 1149 2220 observatione

127 2270 163 2332 in
176 2267 325 2365 Phaedro
343 2269 418 2349 Peg.
429 2268 504 2330 264.
519 2266 560 2332 C:
581 2258 688 2334 'Alli
710 2259 787 2334 vids
806 2291 844 2354 ys
862 2266 962 2353 οἶμαί
984 2291 1020 2333 σε
1041 2262 1149 2353 φάναι

130 2377 175 2449 ἄν
202 2379 271 2449 δεῖν
298 2370 413 2449 πάντα
442 2372 546 2467 λόγον
569 2373 679 2465 ὥσπερ
709 2380 791 2462 ζῶον
819 2374 1021 2449 συνεστάναι
1053 2376 1151 2470 σῶμά

127 2514 166 2559 τι
196 2497 318 2581 ἔχοντα
346 2484 456 2561 αὐτον
485 2484 609 2570 αὑτοῦ,
637 2489 720 2560 ὥστε
747 2485 836 2579 μήτε
866 2488 1037 2580 ἀκέφαλον
1063 2497 1150 2566 εἶναι

126 2601 217 2695 μήτι
238 2602 353 2677 ἄπουν
359 2655 372 2686 ,
395 2598 479 2674 (idid
500 2605 589 2692 μέσα
609 2629 647 2673 τι
667 2610 754 2697 ἔχειν
776 2607 833 2674 stol
857 2603 962 2694 ἄκρα,
981 2601 1151 2694 πρέποντ’

127 2710 286 2804 ἀλλήλοις
300 2718 356 2787 sol
376 2719 422 2807 τῷ
443 2714 507 2806 tto
523 2718 757 2805 γεγραμμένα.
799 2721 902 2805 Atque
917 2723 1064 2784 exordium
1080 2725 1151 2805 qui·

126 2831 199 2896 dem
218 2834 359 2916 primum
380 2834 531 2916 impetum
551 2836 664 2898 hebet:
686 2836 764 2919 quid
786 2837 826 2899 sit
847 2836 934 2921 quod
955 2852 1152 2903 commoueat

128 2950 285 3029 animum
312 2947 400 3034 quod
421 2949 587 3029 gaudium,
617 2950 689 3034 quis
710 2951 812 3032 dolor,
833 2956 903 3036 quis
924 2965 1043 3030 metus,
1064 2951 1151 3035 quod

126 3060 318 3127 desiderium
341 3074 396 3127 out
418 3066 600 3143 consilium,
630 3066 785 3129 lestunme
808 3067 848 3129 sit
869 3067 954 3150 quod
978 3070 1153 3129 celebretur

127 3199 169 3241 sn
190 3177 278 3241 eliud
299 3177 379 3262 quid
405 3178 551 3242 inciderit
575 3179 693 3241 laetum
713 3181 764 3241 vel
786 3179 892 3256 triete,
920 3180 1057 3261 primum
1078 3181 1152 3243 hino

126 3292 245 3375 disces,
264 3315 339 3357 nam
358 3295 463 3375 prims
484 3307 519 3369 et
535 3295 786 3376 praesentissime
806 3295 855 3359 vis
880 3307 926 3357 est
946 3295 1044 3377 ipsius
1064 3296 1153 3377 prin·

127 3410 236 3492 eipslis
256 3410 387 3472 affectem
407 3409 461 3472 vel
482 3408 661 3484 sententiae,
681 3408 776 3469 buius
790 3407 885 3488 igitur
902 3410 989 3472 locus
1003 3412 1153 3491 proprius

125 3527 161 3590 in
190 3523 342 3603 exordio,
376 3534 406 3586 et
437 3520 702 3607 quemadmodum
730 3522 849 3585 flumen
878 3524 983 3586 subito
1012 3526 1152 3586 laxatum

125 3640 227 3704 ferret
251 3637 345 3700 initio
374 3637 598 3718 impetuosius,
634 3636 678 3698 sio
706 3634 794 3718 quod
824 3636 961 3718 primum
991 3636 1026 3697 in
1055 3636 1153 3699 verbs

125 3750 243 3835 prodit,
263 3751 331 3812 lere
347 3749 485 3815 vividius
504 3747 620 3830 prodit.
662 3746 735 3825 Quo
756 3752 893 3831 pertinet
909 3751 1002 3810 etium
1019 3747 1151 3809 mutatio

125 3868 230 3945 subita
252 3865 443 3942 sententies,
473 3884 566 3945 saepe
597 3866 691 3928 obuia
712 3866 746 3928 in
767 3865 923 3947 principio
945 3865 1061 3925 horum
1083 3883 1151 3926 car·

125 3981 258 4045 minum.
314 3978 366 4042 sie
386 3981 412 4058 I,
432 3986 464 4058 2,
487 3987 517 4041 7.
544 3948 901 4060 ριίιιιωιέίοιφιοειιῐιιο
929 3978 1042 4040 ianuae
1069 3979 1151 4041 mela

126 4107 230 4178 posto,
259 4106 329 4155 tum
349 4104 469 4155 mutate
491 4093 644 4154 sententis
665 4103 795 4173 repente
817 4103 916 4171 roget,
938 4103 973 4153 ut
996 4105 1101 4174 potest
1121 4106 1152 4156 et

127 4210 283 4288 ignoscat,
315 4206 342 4267 si
372 4225 438 4289 qus
464 4204 546 4266 mels
575 4202 700 4265 dixerit
752 4205 833 4266 Mox
854 4206 879 4281 l,
901 4210 932 4283 5,
954 4211 984 4269 ⁵.
1006 4207 1153 4270 omnibus

128 4342 161 4386 se
181 4320 374 4385 eruciatibus
401 4319 495 4383 offert
524 4314 564 4380 sd
592 4315 739 4380 luendam
769 4338 921 4400 posnam,
951 4318 1038 4402 quod
1060 4321 1154 4383 absti-

818 4441 865 4495 e2
