2468 4838
166 652 182 692 c
566 628 624 695 DE
647 626 768 699 POESI

167 815 199 866 st
228 802 368 868 utilitatis
400 802 569 887 propositis
597 803 778 868 commodis.
834 804 927 868 Nunc
956 799 1030 868 vide
1059 801 1192 869 exitum.

170 916 250 980 Cum
277 938 342 980 non
367 917 527 999 aperietur
551 916 665 996 ianua,
696 938 770 981 nans
795 928 841 981 est
866 906 1194 1004 uopoxiooos's‘lupou

167 1053 312 1108 mosen,
339 1043 440 1093 mutat
465 1029 667 1108 sententiam,
697 1029 786 1111 erigit
810 1032 949 1095 animum
969 1042 1002 1094 st
1022 1051 1094 1095 cum
1118 1030 1191 1095 irti-

166 1149 255 1211 sione
277 1146 402 1227 puellas
423 1156 454 1208 et
477 1145 584 1210 rivalis
605 1143 745 1210 discedit.
794 1147 844 1209 De
866 1167 931 1230 quo
951 1164 1067 1227 genens
1088 1147 1192 1209 exitus

166 1262 230 1324 iam
254 1280 351 1341 supra
377 1256 454 1321 dixi.
495 1258 589 1321 Nunc
609 1260 671 1322 hoc
692 1258 792 1325 oddo:
820 1258 937 1323 Vidisti
959 1280 1056 1344 quam
1078 1261 1120 1325 sit
1141 1271 1191 1325 to·

166 1391 235 1440 tum
251 1396 381 1438 carmen
396 1375 517 1455 insigne
535 1375 685 1438 varietate
703 1375 948 1458 descriptionum
964 1377 1191 1459 oppositarum,

166 1490 219 1553 eui
239 1488 457 1571 compositioni
481 1488 575 1569 plane
596 1488 744 1553 convenit
763 1490 857 1552 etiam
876 1491 980 1553 exitus
1004 1490 1191 1569 conomius,

164 1626 276 1669 revera
296 1616 398 1666 tamsn
420 1623 479 1664 nec
499 1601 567 1683 ipse
586 1623 776 1684 repugnans.
816 1603 905 1667 Dum
922 1602 1007 1666 enim
1028 1602 1190 1688 qucrimo-

163 1722 236 1784 nias
263 1717 419 1783 tristitiam
446 1728 615 1797 temperat,
640 1716 735 1781 simul
756 1718 859 1782 levem
880 1738 1016 1800 poenam
1039 1715 1189 1801 perfidius

166 1835 277 1913 sumit,
310 1854 391 1915 quae
418 1843 464 1894 tot
493 1851 658 1894 aerumnas
683 1842 795 1912 poetae
822 1831 942 1911 attulit,
974 1852 1107 1916 eamque
1132 1832 1188 1896 uix

166 1969 257 2028 aegre
282 1948 377 2008 latam
405 1967 424 2006 a
452 1943 554 2006 Delio.
573 1976 617 1991 -
666 1942 729 2006 Sed
754 1943 918 2009 videamus
945 1947 1075 2027 elegiam
1100 1948 1135 2026 1,
1154 1954 1187 2010 2.

165 2064 275 2142 Delia,
303 2061 360 2123 etsi
380 2071 480 2142 nupta
500 2059 587 2136 viro,
615 2078 698 2122 nova
721 2060 877 2141 promissa
899 2059 1029 2126 dederat
1048 2063 1186 2139 Tibullo,

166 2179 224 2263 qui
254 2198 322 2241 cum
355 2175 491 2257 primum
519 2194 604 2238 nova
631 2175 741 2237 limina
769 2175 885 2255 adiret,
920 2188 957 2240 ut
982 2176 1099 2240 iterum
1127 2197 1184 2241 usu

165 2296 289 2377 puellae
316 2293 490 2367 frueretur,
515 2310 586 2352 ecce
608 2291 689 2373 prola
711 2287 819 2354 dolor!
847 2293 951 2355 clausa
971 2304 1017 2355 est
1036 2292 1136 2356 ianua
1156 2304 1186 2355 ct

166 2407 308 2473 custodia
328 2408 441 2490 posita.
482 2404 564 2466 Ilinc
584 2425 704 2468 novum
723 2426 849 2469 carmen
867 2418 976 2471 natum
992 2406 1186 2490 παρακλαυ-

164 2522 328 2609 σίθυρον,
356 2521 464 2601 vigore
486 2523 656 2582 affectuum
677 2521 813 2584 maxime
838 2519 972 2601 insigne,
998 2518 1089 2583 cuius
1112 2521 1186 2583 iun·

165 2636 344 2701 domomum
359 2633 510 2717 cupiditas
526 2632 639 2697 ardens
652 2633 825 2716 potiundae
837 2637 961 2716 puellas
976 2646 1043 2699 toto
1059 2647 1186 2717 pectore

165 2764 295 2814 ansatas.
337 2748 460 2811 Statum
479 2749 542 2823 rei,
569 2744 645 2829 quid
664 2745 786 2824 doleat,
809 2747 886 2828 quid
907 2748 1026 2829 cupiat,
1049 2748 1183 2829 primunt

164 2866 330 2927 exordium
357 2862 493 2925 ostendit
518 2876 606 2926 motu
634 2864 722 2927 vario
749 2863 895 2944 plenum3
926 2883 1000 2925 nam
1023 2866 1130 2929 statim
1151 2866 1211 2928 in·

164 2977 321 3059 principio
351 2979 502 3058 erumpit,
533 2989 570 3038 ut
597 2977 688 3041 toties
709 2973 865 3053 uidimus,
893 2994 1035 3039 summus
1056 2981 1184 3043 affectus

164 3092 290 3171 elegiae.
332 3090 484 3175 Sequitur
498 3090 636 3154 medium
651 3110 793 3155 carmen:
815 3088 933 3153 accedit
946 3089 987 3153 ad
1001 3112 1070 3155 rem
1084 3092 1184 3174 ipsam

164 3206 309 3283 allectus,
332 3205 366 3268 id
388 3228 481 3287 agens
503 3206 685 3271 omnimodo
707 3221 744 3271 ul
765 3208 905 3271 animum
921 3205 1056 3290 inspiret
1074 3207 1184 3271 Deliae

163 3317 203 3380 ad
228 3318 400 3383 fallendum
422 3321 535 3384 virum.
589 3320 670 3383 Sunt
689 3341 766 3384 vero
792 3333 855 3385 tres
873 3340 981 3383 rerum
1002 3331 1111 3402 partes
1130 3340 1187 3404 pst

163 3429 375 3507 gradationem
393 3432 591 3511 compositae.
631 3432 774 3495 Primum
789 3435 874 3496 enim
888 3432 1065 3498 ostenditur
1078 3456 1185 3499 amatt-

163 3554 210 3603 tes
235 3543 269 3603 in
296 3543 394 3604 tutela
414 3543 550 3606 Veneris
576 3563 660 3623 esse,
687 3542 784 3627 idque
807 3547 988 3629 tripliciter:
1016 3545 1111 3610 docet
1128 3545 1186 3611 dea

164 3668 247 3719 artes
274 3656 422 3733 furtivas,
453 3658 567 3739 quibus
594 3659 704 3721 fallere
730 3658 868 3740 possint,
898 3658 1035 3740 protegit
1059 3671 1188 3723 cuntem

164 3785 260 3835 noctu
281 3792 338 3855 per
354 3771 420 3835 uias
438 3773 544 3850 urbis,
569 3794 605 3835 ac
622 3773 716 3855 punit
733 3775 827 3838 etiam
842 3775 1020 3857 proditores
1036 3778 1186 3860 loquaces

164 3907 318 3950 amorum.
359 3885 499 3950 Iudicavi
520 3906 616 3968 supra
632 3899 663 3948 et
680 3886 779 3952 doceo
800 3890 834 3952 in
854 3887 1096 3955 Commentariis
1114 3912 1188 3957 sua-

162 4021 235 4064 vem
256 4004 391 4065 formam
414 4014 443 4062 et
466 4002 645 4065 iuncturam
668 4003 782 4065 horum
807 4004 971 4068 locorums
999 4026 1098 4089 quam
1117 4027 1188 4088 grs-

163 4113 255 4193 phice
280 4114 346 4178 doli
369 4117 539 4178 amantium
562 4114 798 4196 describuntur,
828 4137 924 4199 quam
949 4139 1085 4182 nervosa
1110 4140 1188 4202 spo·

164 4227 292 4306 strophe
323 4239 495 4290 monentur
527 4231 582 4311 qui
615 4242 782 4293 occurrant
811 4242 926 4308 noctu,
970 4251 1011 4292 nc
1047 4234 1189 4311 turbent,

166 4344 319 4416 terreant,
355 4339 492 4422 prodant
519 4341 693 4404 amantem!
747 4340 899 4426 Sequitur
925 4342 1065 4408 secunda
1093 4366 1186 4431 pers:
