2468 4838
150 646 227 688 xum
571 625 629 687 DE
654 625 757 687 VITA

151 803 205 887 qui
230 799 351 864 medius
381 801 470 863 inter·
486 811 645 864 matronas
673 814 703 862 et
732 801 810 864 viles
841 803 1018 866 meretrices
1050 825 1177 869 morum

150 918 301 984 suavitate
328 930 358 980 et
382 916 510 981 restitus
536 917 692 980 liberioris
720 916 871 998 elegantia
894 919 1090 982 inventutem
1111 919 1177 983 Ro·

151 1054 274 1096 manant
299 1033 442 1110 tenebat,
475 1032 513 1094 cl.
534 1030 559 1109 1,
587 1037 618 1108 6,
639 1037 691 1093 67.
742 1032 787 1093 Ac
813 1045 902 1114 pater
928 1045 1073 1096 mortuus
1099 1048 1176 1110 erat,

150 1163 252 1213 mater
278 1147 426 1212 laudatur
454 1148 636 1232 aliquoties,
667 1146 731 1212 vid.
759 1149 784 1226 I,
808 1154 838 1226 3,
861 1150 912 1211 st.
940 1147 966 1224 1,
989 1152 1018 1224 6,
1041 1152 1081 1209 63
1107 1169 1174 1232 sqq.

150 1264 225 1326 Erat
247 1264 381 1326 honesta
401 1263 517 1326 familia
538 1274 569 1323 et
589 1281 654 1324 non
675 1281 782 1341 egena,
803 1282 884 1344 quae
906 1261 1033 1323 ancillas
1055 1262 1174 1345 aliquot

148 1380 281 1443 haberet
300 1374 339 1460 (1,
364 1385 394 1455 3,
419 1374 500 1461 87),
522 1388 553 1438 et
575 1379 720 1439 servabat
740 1377 881 1441 illaesam
904 1375 1087 1458 pudicitiam
1106 1377 1173 1439 De-

148 1491 209 1569 lia,
229 1502 266 1553 ut
289 1488 431 1569 videtur,
459 1511 529 1552 cum
552 1490 691 1571 primum
712 1465 834 1552 Tibulli
854 1510 993 1554 amorem
1014 1492 1172 1569 excitaret,

149 1604 259 1688 quiin
279 1606 515 1670 matrimonium
535 1605 663 1690 quidem
686 1605 801 1669 ducere
823 1626 892 1670 eam
919 1627 985 1671 non
1009 1599 1171 1688 cogitabat,

147 1731 185 1782 ut
203 1741 370 1804 perperam
391 1722 494 1786 visum
523 1721 684 1804 Spohnio,
714 1736 744 1786 at
771 1744 832 1805 pro
860 1745 962 1787 uxore
986 1745 1092 1788 secum
1114 1725 1173 1789 ha·

147 1837 223 1898 bere
246 1830 373 1898 volebat
402 1848 435 1898 et
463 1849 567 1898 tenere
599 1835 639 1899 ad
669 1852 821 1917 mortem,
854 1840 881 1900 si
909 1837 971 1902 lida
1000 1839 1173 1902 mansisset.

147 1946 242 2025 Quod
263 1970 328 2012 uon
352 1951 435 2012 lecit.
484 1951 566 2014 Nam
595 1952 757 2031 Tibullus,
785 1953 841 2036 qui
863 1952 946 2016 civili
969 1953 1053 2016 bello
1074 1955 1173 2016 inter·

147 2085 215 2128 esse
235 2065 391 2142 noluerat,
411 2067 519 2146 paullo
539 2079 612 2148 post
631 2067 747 2129 iterum
766 2068 915 2132 invitatus
935 2089 955 2130 a
975 2068 1110 2130 Messala
1131 2067 1171 2129 ad

144 2181 369 2267 Aquitanicam
388 2183 515 2262 bellum,
536 2204 650 2264 negare
671 2182 836 2263 dubitavit,
857 2198 888 2247 et
907 2186 966 2247 sub
984 2185 1080 2248 linem
1096 2205 1171 2247 ann.

147 2306 221 2362 723.
245 2320 316 2362 cnm
336 2300 397 2362 hoc
418 2299 487 2363 viro
510 2300 544 2362 in
567 2299 701 2363 Galliam
720 2303 881 2385 proiectus
902 2313 949 2365 est
956 2346 965 2380 ,
992 2322 1087 2386 quem
1106 2300 1171 2363 dis-

147 2438 267 2480 cessum
288 2415 435 2479 describit
455 2418 480 2494 1,
503 2422 522 2477 3
546 2423 565 2478 9
589 2438 658 2500 sqq.
710 2419 883 2479 Debellatis
905 2417 1088 2499 Aquitanis,
1119 2417 1173 2478 cui

145 2531 192 2594 rei
215 2530 393 2592 interfuisse
413 2549 446 2590 se
468 2539 561 2609 poeta
582 2529 607 2605 1,
625 2537 655 2604 7,
677 2535 707 2594 9.
726 2527 892 2609 gloriatur,
912 2532 1047 2594 Messala
1068 2534 1172 2595 conti-

145 2666 210 2709 nuo
239 2643 280 2707 ad
313 2641 475 2708 Orientem
505 2632 759 2724 componendum
787 2647 827 2707 ab
857 2646 999 2724 Augusto
1028 2656 1172 2723 vocatur,

145 2762 289 2825 Tibullus
322 2760 503 2835 comitatur,
535 2757 587 2820 sed
617 2759 651 2818 in
680 2757 820 2837 Corcyra
846 2760 958 2819 morbo
992 2758 1173 2837 corripitur.

144 2877 281 2938 Messala
306 2874 467 2935 continuat
487 2873 565 2946 iter,
586 2883 618 2931 et
640 2868 797 2943 Ciliciam,
826 2868 966 2950 Syriam,
990 2869 1173 2949 Aegyptum

145 2987 323 3070 componit,
354 2984 392 3047 de
415 3006 479 3068 quo
500 2981 585 3065 apud
605 2983 768 3046 Tibullum
789 2983 813 3061 l,
833 2991 863 3058 7,
887 2988 927 3045 13
946 3003 1016 3067 sqq.
1041 2982 1174 3069 dicitur3

144 3115 239 3185 poeta
265 3120 427 3162 remanere
456 3111 579 3160 coactus
612 3098 719 3160 scribit
746 3118 840 3161 carun
866 3097 891 3175 I,
914 3105 945 3161 3.
977 3099 1036 3161 sub
1058 3114 1172 3164 auctu·

144 3238 253 3280 mnum
276 3236 349 3277 ann.
372 3216 444 3276 724.
488 3215 528 3276 cs.
551 3211 671 3275 Introd.
694 3211 734 3275 ad
757 3213 895 3294 elegiam,
913 3226 943 3274 et
962 3213 1048 3276 haud
1072 3213 1171 3281 dubie

145 3354 212 3396 non
235 3333 334 3394 multo
359 3341 433 3411 post
459 3330 527 3411 ipse
551 3330 645 3391 etiam
666 3326 747 3389 redit
767 3326 912 3389 Romam.
961 3327 1021 3389 Hic
1046 3328 1172 3394 invenit

143 3445 269 3508 Deliam
291 3455 503 3524 aegrotantem
524 3441 649 3523 opinor,
670 3440 732 3503 nisi
749 3443 857 3522 paullo
878 3442 1003 3522 postia
1018 3446 1170 3509 morbum

143 3560 267 3638 incidit,
300 3571 331 3622 et
358 3570 426 3621 tum
451 3560 605 3640 praestitit
632 3558 735 3620 officia
767 3557 921 3639 descripta
949 3557 974 3630 l,
1000 3562 1030 3632 5,
1054 3565 1072 3618 9
1096 3580 1169 3641 sqq.

144 3675 185 3738 ad
199 3676 315 3737 lectum
329 3674 396 3735 eius
413 3666 481 3755 ipsa
497 3673 610 3735 bieme.
652 3672 864 3753 Exposuimus
882 3673 915 3733 in
932 3669 1169 3736 introductione

145 3789 185 3854 ad
208 3790 287 3852 illud
309 3808 433 3852 carmen
457 3787 496 3851 de
518 3788 580 3852 alio
604 3800 745 3870 tempore
769 3788 896 3868 cogitari
917 3784 1081 3849 commode
1102 3807 1170 3850 non

144 3928 246 3989 posse.
296 3904 569 3983 Quemadmodum
590 3919 695 3969 autem
720 3926 815 3987 supra
834 3907 869 3966 in
890 3907 991 3986 prima
1010 3902 1084 3967 libri
1103 3907 1171 3966 elc-

146 4023 196 4101 gia
216 4019 352 4083 vidimus
373 4033 446 4104 post
466 4022 608 4084 confecta
623 4017 777 4102 stipendia
791 4020 948 4104 equestria
965 4017 1005 4082 ad
1019 4018 1169 4082 rusticam

145 4134 242 4197 vitam
259 4136 465 4199 transiturum
483 4149 618 4219 poetam,
639 4134 682 4198 sic
704 4157 789 4199 nunc
809 4147 883 4217 post
898 4132 1036 4196 reditum
1054 4154 1094 4195 ex
1116 4155 1169 4195 re-

147 4250 330 4313 certissimis
354 4254 501 4334 periculis
522 4254 635 4318 lortius
660 4256 793 4334 resurgit
813 4254 898 4316 ruris
919 4272 1017 4315 amor.
1068 4252 1169 4313 Vole-

145 4369 201 4431 bat
226 4369 321 4451 igitnr
344 4369 469 4434 tandem
492 4373 593 4436 missis
620 4370 786 4435 itineribus
815 4368 934 4432 bellicis
965 4366 1005 4430 ad
1033 4368 1167 4429 inertem
