2468 4838
139 634 261 683 oxxvut
563 607 623 671 DE
645 601 769 672 POESI

222 786 290 852 Nec
312 782 387 846 sinit
406 792 553 845 occurrat
572 778 757 864 quisquam,
786 779 843 863 qui
861 798 999 864 corpora
1021 781 1108 847 ferro

263 901 420 965 Vulnerat
439 909 494 959 aut
512 907 604 979 rapta
625 891 768 975 praemia
786 905 875 959 vaste
895 906 995 979 petat.

218 1116 312 1182 Nunc
325 1114 463 1177 levisset
482 1111 643 1175 tractanda
655 1113 776 1191 Venus,
798 1109 874 1175 dum
886 1112 1035 1197 frangere
1056 1129 1166 1198 postes

261 1227 337 1293 Non
361 1224 459 1311 pudet
480 1236 511 1288 et
531 1225 618 1289 rixas
640 1226 809 1289 inseruisse
832 1226 933 1292 iuvat.

218 1428 360 1491 Desistas
381 1424 545 1487 lacrimare
567 1445 667 1505 puer:
699 1443 766 1486 non
791 1422 948 1505 frangitur
970 1424 1028 1489 illa

257 1544 297 1603 Et
318 1553 372 1603 tua
392 1540 456 1602 iam
476 1538 555 1601 ssetu
575 1539 696 1599 lumina
718 1538 801 1599 sessa
823 1549 958 1601 tument.

212 1740 298 1803 Nota
317 1737 429 1799 Venus
449 1735 566 1798 furtiva
587 1735 667 1796 milri
689 1746 753 1814 est,
779 1746 817 1797 ut
835 1735 918 1798 lenis
939 1746 1054 1817 agatur

251 1854 404 1936 Spiritus,
430 1864 468 1913 ut
486 1872 545 1913 nec
566 1848 641 1913 dent
663 1852 772 1914 oscula
791 1863 884 1933 rapta
906 1872 1037 1918 sonum.

123 2004 291 2065 Praeterea
312 1997 406 2059 etiam
426 2018 485 2078 per
506 1995 571 2060 duo
588 1995 722 2063 disticha
743 1996 927 2061 extenditur
943 1996 1097 2081 bipartita
1117 1998 1167 2063 di·

120 2117 219 2193 visio,
249 2125 286 2175 ut
305 2118 335 2191 1,
347 2118 377 2192 6,
390 2118 433 2175 25
446 2135 456 2175 z

207 2252 325 2333 Saepe,
352 2254 440 2315 velut
462 2272 600 2332 gemmas
620 2253 689 2314 eius
711 2252 902 2335 signumque
921 2255 1117 2334 probarem,

251 2367 314 2427 Per
336 2385 462 2426 causam
484 2366 614 2427 memini
634 2386 686 2427 me
707 2367 845 2446 tetigisse
865 2388 1018 2431 manum:

206 2479 308 2559 Saepe
328 2498 417 2539 mero
439 2500 587 2542 somnum
607 2480 720 2562 peperi
741 2482 820 2558 tibi,
847 2492 880 2543 at
898 2482 970 2563 ipae
992 2483 1146 2547 bibebam

245 2591 361 2653 Sobria
384 2593 547 2672 supposita
570 2594 686 2674 pocula
707 2592 811 2657 victor
834 2614 929 2677 aqua.

117 2729 207 2791 udde
236 2732 268 2807 Ι,
298 2734 336 2806 5,
360 2736 495 2792 sr-ss.
528 2732 561 2807 1,
585 2736 624 2807 s,
646 2736 781 2794 25-20.
819 2734 869 2810 tt,
891 2736 930 2812 4,
954 2738 1070 2797 7·1o.
1091 2736 1167 2794 21-

116 2843 169 2903 24.
191 2854 221 2901 et
242 2842 330 2903 alias.
374 2840 652 2916 Quemadmodum
676 2849 772 2909 etiam
792 2848 953 2929 tripartita
974 2846 1097 2913 divisio
1119 2850 1166 2911 la-

114 2952 177 3011 tius
198 2963 303 3030 potest
330 2954 476 3035 extendi,
507 2958 826 3041 ct.1,s,11-1s,
857 2975 887 3025 et
911 2970 1050 3025 tt-so.
1079 2963 1113 3041 l,
1136 2970 1166 3039 8,

115 3062 250 3125 43-46.
302 3066 409 3150 Atque
438 3068 484 3132 ita
513 3069 603 3135 vides
631 3087 789 3157 quantum
819 3088 928 3160 pateat
960 3076 1078 3143 divisio
1108 3100 1168 3160 per

113 3178 220 3240 omnia
241 3200 357 3257 genera
377 3184 603 3265 periodorum,
639 3211 738 3272 quam
769 3214 843 3254 cum
872 3214 973 3276 supra
995 3216 1102 3257 unum
1124 3216 1166 3258 ex

112 3295 390 3369 praestantissimis
414 3300 554 3362 artificiis
578 3305 733 3368 orationis
755 3308 912 3388 elegiacos
928 3308 1090 3388 dixerim,
1112 3312 1168 3373 boc

111 3407 170 3480 ipsu
196 3406 320 3465 Tibullus
340 3412 382 3467 sis
404 3431 473 3470 usus
493 3426 534 3473 est
555 3428 587 3476 ut
608 3419 683 3477 alius
703 3441 797 3484 nemo.
849 3422 954 3487 Modo
977 3426 1104 3509 ubique
1128 3444 1166 3487 eo

111 3511 265 3577 attendas.
308 3518 414 3599 Atque
437 3522 574 3586 observa
595 3548 731 3607 rnecnm,
753 3547 957 3617 quantopere
980 3536 1167 3599 aeuatltaec

109 3642 161 3683 res
184 3627 360 3689 orationem
386 3633 598 3698 concinnitate
626 3662 764 3708 nervosa
795 3662 829 3711 ct
852 3652 1060 3733 oppositione
1081 3652 1168 3713 mccl·

108 3734 209 3814 tiplici
232 3759 341 3801 rernm
365 3753 396 3803 et
417 3747 605 3812 verborum.
645 3755 791 3822 Primum
813 3762 1022 3845 simplicitate
1042 3776 1076 3827 et
1092 3786 1167 3847 per-

107 3849 273 3925 spicuitate
294 3851 458 3917 distinctae
480 3872 555 3921 sunt
582 3863 641 3925 hae
663 3865 857 3953 divisiones3
886 3898 963 3940 cum
991 3900 1074 3944 vero
1097 3880 1168 3943 lan·

106 3973 225 4029 gueant
257 3965 431 4045 obscurae,
462 3972 668 4054 artificiosae,
709 3984 805 4065 longe
840 3992 982 4071 petitae,
1022 3996 1167 4075 vigorem

105 4062 234 4186 habent
257 4076 434 4159 simplices,
467 4086 590 4164 clarae,
619 4097 825 4177 perspicuae,
856 4106 961 4167 veluti
995 4128 1116 4171 messes
1137 4121 1169 4169 et

103 4190 190 4250 vina,
211 4182 309 4248 facies
335 4204 366 4251 et
388 4194 511 4273 capilli,
534 4216 629 4281 caput
652 4221 682 4268 et
703 4210 811 4289 pedes,
835 4231 941 4281 vestes
964 4232 998 4282 et
1024 4224 1167 4295 amictus,

103 4294 220 4347 aurum
246 4306 278 4353 et
298 4302 381 4377 agri,
406 4304 510 4369 undae
533 4316 630 4377 maris
653 4331 682 4380 et
701 4325 801 4403 renti,
823 4327 944 4393 imbres
967 4348 999 4396 et
1022 4334 1166 4411 fulmina,
