2468 4838
481 602 661 669 TIBULLI.
1011 628 1087 668 xretx

61 799 134 843 aero
155 778 184 841 si
205 774 337 851 eredas,
360 772 448 860 qnod
469 776 563 855 vulgo
585 777 679 840 stabii
700 774 792 840 video
799 819 809 855 ,
831 779 958 841 nonnisi
979 777 1085 840 libidi-

60 917 131 958 nem
153 918 172 957 a
193 905 291 977 poeta
311 894 345 954 iu
368 893 430 955 hoc
453 912 559 954 amore
580 904 756 973 spectatam,
777 894 878 976 qualis
898 897 1004 955 nullus
1027 897 1085 956 luit

60 1029 148 1072 amor
169 1010 304 1071 Tibulli.
348 1003 449 1082 Quam
473 1008 582 1070 strenia
602 1008 679 1070 haec
701 1010 798 1071 rerba
818 1009 857 1087 ΙΙ,
873 1017 902 1086 3,
920 1018 938 1071 5
954 1028 1041 1092 sqq:
1082 1014 1094 1033 ⁸

145 1120 259 1201 Oego,
282 1140 355 1183 cum
376 1117 567 1201 adspicerem
582 1118 751 1198 dominam,
772 1144 867 1206 quam
882 1124 1006 1188 fortiter
1023 1126 1084 1187 illic

189 1235 363 1296 Versarem
382 1232 490 1295 valido
511 1234 626 1315 pingue
648 1233 775 1297 bidente
795 1238 910 1315 solnm,

145 1346 375 1429 Agricolaeque
395 1346 490 1409 modo
513 1369 644 1412 curmrm
667 1361 803 1412 sectarer
824 1363 972 1428 aratrum,

189 1461 278 1522 Dum
299 1460 449 1539 subigunt
469 1462 587 1524 steriles
608 1484 683 1526 arva
706 1463 839 1525 serenda
860 1461 975 1528 boves!

146 1570 216 1634 Nec
238 1592 405 1655 quererer,
426 1571 513 1655 quod
534 1575 582 1636 sol
602 1573 730 1654 graciles
752 1589 899 1638 exureret
920 1584 1022 1654 artus‚'

190 1685 345 1749 Laederet
367 1687 398 1748 et
416 1699 537 1749 tenerae
558 1690 685 1770 pustula
704 1701 798 1771 rupta
819 1709 941 1765 manus,

59 1799 120 1860 ubi
139 1803 193 1862 rel
211 1821 271 1880 pro
294 1799 444 1883 adspectu
466 1815 584 1864 auratae
605 1802 692 1867 vides
713 1806 842 1867 serviles
861 1806 986 1866 labores
1007 1807 1085 1867 tole·

59 1927 207 1978 naturum
228 1929 372 1997 poetam,
406 1929 437 1979 et
457 1919 558 1979 statim
580 1919 672 1979 etiam
693 1921 823 2000 mythici
847 1917 996 1999 temporis
1017 1937 1084 1979 mo-

61 2051 114 2094 res
134 2033 287 2113 pulchros
309 2045 486 2114 comparat,
510 2024 566 2094 ubi
587 2034 702 2116 Apollo
726 2033 810 2115 aprrd
830 2033 997 2096 Admetum
1020 2053 1085 2094 ser·

61 2145 178 2209 aiebat.
209 2147 268 2207 ‘In
288 2159 377 2210 sexta
397 2167 473 2212 vero
494 2149 592 2228 elegia
613 2170 683 2211 cum
704 2161 775 2230 post
804 2150 946 2231 querelas
967 2147 1085 2226 gravis·

63 2261 156 2324 sinnas
177 2263 334 2344 puellam,
363 2261 448 2324 unde
471 2275 519 2325 tot
546 2283 712 2324 aerumnas
741 2264 855 2338 habet,
885 2274 1028 2336 excusat,
1056 2273 1085 2322 ct

63 2376 98 2436 in
124 2377 255 2457 proprio
283 2374 392 2438 dolore
413 2378 551 2438 maximo
577 2397 611 2438 se
637 2388 762 2439 revocat
785 2386 886 2436 ansata
910 2395 950 2436 ne
973 2373 1085 2449 dolcat,

63 2509 221 2571 quaenam
248 2487 414 2568 pulchrior
441 2488 555 2551 amoris
582 2487 763 2567 significatio
796 2487 928 2569 reperiri
958 2499 1059 2567 potest
1068 2484 1084 2546 'e‘

63 2599 128 2664 sed
146 2602 225 2664 tales
245 2621 340 2665 voces
360 2599 508 2664 idealium
529 2622 678 2665 acaunum
699 2624 770 2664 cum
791 2605 905 2678 aliero,
927 2602 1086 2663 nibilomi-

64 2736 126 2779 nus
146 2718 247 2799 probe
270 2714 363 2778 video
384 2715 472 2800 quod
493 2728 653 2797 apertum,
679 2716 771 2777 aliam
793 2734 860 2776 esse
884 2715 978 2775 huius
1000 2733 1086 2775 amo·

62 2832 108 2893 ris
126 2832 300 2906 rationem,
332 2850 427 2913 quam
449 2828 533 2906 eius,
563 2830 619 2911 qui
639 2848 735 2910 supra
758 2824 940 2907 descriptus.
989 2826 1086 2890 Nulla

63 2945 116 3007 bic
136 2946 248 3008 effecta
276 2956 324 3006 est
345 2946 521 3006 animorum
546 2944 742 3022 coniunctio,
775 2944 876 3027 qualis
896 2943 957 3006 sitit
979 2943 1085 3024 priore

63 3073 207 3143 tempore
227 3060 270 3120 in.
283 3060 395 3121 Deliae
415 3080 492 3137 usu,
523 3058 578 3122 sed
604 3060 771 3140 imperium
793 3072 823 3122 et
845 3061 1005 3122 servitium
1029 3061 1086 3120 ha·

63 3178 158 3239 betur
177 3188 208 3238 et
229 3177 368 3255 superba
388 3172 530 3252 domina,
551 3173 638 3236 cuius
660 3176 766 3237 vultus
788 3172 927 3254 placidus
949 3173 1086 3253 plurimo

62 3289 161 3352 venit.
200 3288 271 3351 Nec
294 3287 333 3351 de
354 3310 442 3352 sacro
466 3287 594 3353 loedere
621 3289 655 3350 in
683 3287 733 3349 his
764 3287 952 3349 carminibus
977 3288 1086 3367 agitur,

63 3401 152 3486 quod
167 3403 288 3464 laesum
306 3397 473 3464 ulciscatur
488 3403 535 3463 ira
552 3401 700 3465 deorum:
723 3401 865 3465 Nemesis
880 3403 986 3485 plures
1002 3424 1086 3466 ama·

63 3530 149 3578 tores
171 3517 280 3592 habet,
302 3536 359 3577 nec
380 3516 517 3596 postulat
538 3516 683 3578 Tibullus
706 3528 741 3578 ut
763 3528 846 3580 casta
866 3537 899 3578 se
924 3537 989 3579 nno
1011 3537 1087 3578 con·

62 3646 149 3696 teuta
171 3633 226 3709 sit,
254 3632 333 3694 felix
352 3632 493 3707 ferturus,
521 3630 662 3694 simodo
685 3652 750 3694 non
771 3653 893 3713 semper
912 3633 1087 3693 remittatur

63 3762 95 3811 et
115 3768 225 3831 parem
247 3746 358 3808 saltem
381 3766 452 3807 cum
473 3745 540 3806 aliis
568 3745 707 3809 levorem
730 3745 921 3826 experiatur.
971 3744 1088 3821 Appel-

60 3864 108 3928 lat
131 3864 288 3927 Martialis
317 3861 476 3923 Nemesim
504 3860 649 3923 lascivam
679 3860 765 3935 XIV,
789 3863 861 3919 193.
891 3868 921 3917 et
945 3858 1011 3936 ipse
1033 3857 1088 3917 Ti·

63 3980 170 4042 bullus
191 3976 269 4040 dicit
290 3975 329 4050 ΙΙ,
352 3980 380 4051 6,
401 3979 459 4036 st:

192 4120 497 4140 -----
518 4099 593 4149 tunc
614 4104 703 4147 niens
725 4081 801 4145 mihi
822 4081 943 4165 perdita
965 4083 1059 4166 lingit,

242 4201 363 4280 Quisve
384 4223 486 4264 meam
507 4212 611 4262 teneat
632 4211 710 4283 quot
732 4209 872 4260 teneatue
894 4197 1004 4273 modis,

62 4320 169 4405 qualia
189 4336 352 4402 nusquam
370 4317 404 4376 in
421 4314 611 4377 carminibus
626 4312 666 4377 ad
682 4311 805 4375 Deliam
819 4316 983 4393 leguntur:
1007 4311 1088 4373 tunic

783 4423 803 4486 d
