2468 4838
485 595 667 662 teun-
967 631 1091 676 „ma

62 761 297 852 (Coordr‘notr’on)
326 764 602 849 animadvertitur,
632 781 669 834 ut
694 776 870 854 cuml,1.
900 778 939 843 de
968 783 1092 848 malicia

61 884 157 945 rebuo
187 879 308 943 dicitur
334 878 459 944 duobus
486 882 563 943 locis
592 884 625 945 vi
652 886 798 966 paribus,
836 904 892 953 ant
920 894 968 971 lI,
991 900 1022 959 5.
1052 893 1091 959 de

63 998 191 1078 politica
212 995 430 1076 magnitudine
451 998 539 1059 urbia
561 1009 593 1059 et
613 1000 733 1079 gaudiis
755 1005 849 1066 ruris.
896 1006 993 1071 Recte
1013 1030 1091 1074 vero

63 1114 99 1175 in
119 1112 182 1175 hoc
202 1132 320 1191 genere
342 1130 409 1173 non
433 1114 567 1176 excernit
594 1114 753 1178 binarium
775 1138 958 1200 numerum3
987 1123 1092 1186 laxior

65 1227 151 1288 enim
171 1227 373 1307 compositio.
413 1227 556 1290 Tertium
577 1229 694 1293 accedit
713 1236 896 1314 maputto,
919 1258 989 1298 cum
1009 1238 1092 1301 inter

66 1339 147 1403 duae
166 1341 300 1420 oimilee,
330 1361 480 1424 congruae
502 1357 605 1426 partes
625 1346 718 1408 tertia
736 1345 892 1410 dissimilia
915 1362 969 1411 aut
991 1371 1092 1433 oppo-

66 1455 126 1517 aita
142 1456 237 1517 etiam
250 1455 391 1537 ponitur.
432 1456 549 1519 Videas
565 1459 647 1521 hanc
661 1461 701 1537 ll,
717 1465 746 1520 3.
763 1461 820 1521 ubi
835 1462 882 1521 bie
899 1459 938 1523 de
955 1465 1091 1545 mythice

68 1583 169 1632 aetate
199 1568 313 1632 dicitur
335 1570 524 1653 ‘interposito
553 1574 646 1636 tertio
673 1576 744 1636 loco
774 1573 813 1635 dc
839 1574 985 1638 hodierni
1009 1589 1089 1639 tem·

67 1684 157 1766 poris
177 1684 345 1765 pravitate,
369 1686 445 1761 etl,
465 1690 495 1746 6.
517 1687 573 1747 ubi
593 1686 628 1747 in
649 1689 746 1749 altera
764 1698 853 1767 parte
876 1687 1019 1751 carminis
1040 1690 1090 1752 bie

67 1797 108 1860 de
135 1802 247 1881 poenis
271 1799 422 1881 perfidiae
447 1802 525 1881 agit,
556 1801 735 1864 interiectus
761 1821 839 1863 vero
867 1803 976 1864 tertius
1001 1803 1089 1865 locus

68 1924 117 1974 eet
141 1912 247 1976 lenior
265 1927 297 1976 ct
324 1915 402 1976 alins
428 1913 564 1994 generis,
591 1912 727 1997 denique
755 1936 813 1996 per
834 1926 930 1977 totam
959 1915 1090 1996 elegiam

67 2027 98 2104 l,
122 2030 174 2089 10.
205 2037 243 2087 nt
269 2027 355 2089 infra
386 2025 557 2089 ostendam.
625 2026 772 2089 Ceterum
803 2029 1000 2110 interpositio
1033 2043 1089 2109 est,

68 2160 164 2223 quam
191 2159 252 2221 per
277 2150 379 2201 totum
406 2138 579 2202 Pindarum
606 2143 756 2222 usurpari
783 2142 993 2220 ostendimus,
1031 2144 1089 2205 ubi

68 2265 173 2316 tamen
192 2256 303 2335 plnreo
322 2255 371 2317 rei
390 2255 520 2317 formae.
569 2253 673 2337 Atque
695 2254 778 2336 apud
799 2255 971 2318 Pindarum
994 2278 1089 2339 quem

69 2391 160 2433 usum
179 2389 232 2431 ree
255 2370 384 2447 habeat,
404 2370 467 2432 illic
488 2368 621 2446 dictum3
644 2371 679 2431 in
701 2369 798 2448 elegia
819 2391 896 2432 vero
918 2369 1021 2450 gravia
1043 2381 1090 2432 eet

69 2482 187 2546 reditus
208 2482 249 2546 ad
269 2484 397 2560 cirnilia,
426 2495 516 2563 aptue
538 2480 656 2565 pariter
677 2485 840 2564 querelae,
860 2483 940 2559 irae,
963 2495 1088 2544 centen-
1112 2558 1114 2562 ι

68 2599 128 2661 tiae
155 2597 392 2679 significantiori
416 2599 580 2661 nervosius
607 2595 819 2660 declarandae.
860 2597 1008 2678 Denique
1032 2596 1087 2657 Ti·

68 2713 174 2775 btdlua
197 2711 234 2773 in
260 2731 358 2774 carm
375 2712 421 2788 H,
443 2716 475 2776 5.
499 2712 591 2772 ctiam
610 2711 787 2792 parenthesin
810 2709 859 2769 bie
882 2706 1019 2784 admisit,
1048 2705 1087 2768 de

70 2848 131 2909 qrra
148 2825 214 2889 illic
234 2825 270 2886 in
290 2821 524 2886 introductione
544 2823 655 2884 monui
677 2834 829 2905 quantum
851 2820 935 2882 eatis.
982 2820 1088 2903 Atque

69 2938 116 3000 hic
134 2939 259 3018 legrlruo
281 2933 398 3014 digesta
419 2948 465 2997 cot
484 2935 618 2997 varietas
639 2955 746 2996 rerum
764 2935 798 2996 in
818 2934 922 2997 medio
941 2933 1088 2996 carmine.

70 3053 183 3118 Pedem
204 3051 363 3129 eietimua3
391 3046 516 3112 abunde
538 3047 590 3108 hic
612 3044 774 3110 demedio
797 3047 933 3113 carmine
960 3045 1088 3109 dictum.

500 3250 664 3269 μ

130 3404 306 3486 Postquam
326 3400 503 3481 singulatim
525 3399 564 3461 de
585 3394 733 3472 exordio,
763 3394 867 3472 exitu,
893 3390 996 3456 medio
1021 3409 1089 3454 car·

70 3519 152 3581 mine
174 3516 379 3600 exposuimus
385 3561 395 3596 ,
419 3515 594 3580 accedimus
617 3512 752 3594 deniqne
776 3509 816 3572 ad
837 3509 981 3571 ultimum
1002 3503 1088 3591 quod

68 3629 248 3693 iaciendum
267 3642 380 3708 reetat,
402 3641 434 3691 ct
455 3626 721 3691 considerabimus
740 3629 823 3686 totus
843 3626 947 3700 elegiae
958 3621 1089 3702 sormam

71 3756 96 3805 et
108 3756 284 3806 structuram
304 3766 341 3806 en
361 3746 404 3805 tte
420 3747 549 3827 partibus
568 3746 720 3827 conflatae.
762 3739 935 3819 Explicabo
950 3738 1010 3797 hoc
1025 3736 1090 3794 sin·

72 3861 215 3938 gulornm
232 3858 407 3921 carminum
423 3880 556 3922 recensu
572 3860 665 3937 lacto,
687 3868 718 3917 et
735 3874 805 3917 cum
823 3854 858 3913 in
877 3851 962 3912 omni
977 3866 1089 3926 genero

72 3974 143 4034 artie
174 3971 271 4052 etiam
302 3973 474 4052 peculiares
507 3973 624 4054 speclea
659 3977 840 4039 occurrant,
877 3962 928 4021 hic
961 3977 1088 4042 quoque

72 4084 156 4168 quod
174 4084 335 4165 reperitur
356 4084 554 4161 huiuamodi,
582 4101 649 4144 non
669 4077 857 4161 praeteribo.

134 4197 170 4261 si
194 4198 322 4261 evulvne
342 4198 541 4279 Propertium
562 4207 593 4257 et
615 4191 778 4267 Ovidium,
806 4188 899 4265 longe
926 4181 1019 4244 uliam
1042 4179 1090 4239 fa·

72 4310 149 4372 ciem
168 4329 280 4373 rernm
300 4309 405 4373 videas
427 4329 522 4391 quam
549 4305 633 4390 apud
655 4303 827 4366 Tibullum.
869 4299 932 4360 Pro
959 4289 1089 4383 exordio
