2468 4838
525 592 708 658 TIBULLI.
758 668 765 687 Ι
1034 622 1125 664 xxxv

327 761 480 828 Reatinam
494 763 671 831 valemdine
687 765 820 828 Romam
830 786 985 849 revereor>
1000 773 1124 835 Deliam

314 759 323 966 i
372 891 527 957 aegrotam
545 882 675 961 invenit,
697 885 757 946 nisi
775 885 884 965 paullo
902 897 974 966 port
991 887 1024 945 iu
1039 907 1123 948 mor·

373 994 449 1054 bum
476 993 603 1073 incidit,
634 1010 665 1059 et
690 999 843 1081 praestitit
869 996 900 1059 ei
925 1010 993 1060 tum
1021 999 1122 1062 officia

371 1105 497 1168 laudata
519 1110 595 1187 eleg.
612 1109 637 1185 t,
660 1115 690 1172 5.

119 1232 189 1276 ann.
210 1218 291 1276 725.
328 1216 502 1283 Discidium
525 1234 639 1299 ortum,
665 1243 736 1285 cum
757 1223 859 1302 Delia,
879 1244 962 1307 quae
982 1224 1044 1286 iam
1065 1227 1121 1287 ah·

369 1345 456 1394 sente
476 1334 604 1396 Tibullo
626 1336 705 1396 clam
725 1334 818 1397 fidem
840 1334 1014 1399 desemieee
1035 1336 1121 1398 vide-

370 1456 438 1518 tur,
466 1458 539 1525 poet
559 1447 705 1509 morbum
727 1460 834 1530 aperte
856 1447 983 1513 diuitem
1003 1462 1120 1512 aorato-

369 1576 436 1616 rem
459 1556 640 1620 admitteret.

326 1669 393 1733 Sub
407 1684 553 1734 aestatem
571 1686 674 1735 tamen
687 1674 798 1755 scripta
813 1671 937 1737 videtur
952 1675 1026 1752 eleg.
1043 1673 1118 1749 1‚=5.,

347 1803 439 1853 scum
467 1781 630 1846 discidium
658 1805 725 1847 non
753 1787 850 1849 ferret
879 1785 1004 1846 diutius.
1057 1784 1119 1845 Sed

369 1894 461 1958 Delia
483 1897 563 1960 circa
583 1897 643 1961 hoc
667 1911 790 1981 tempus
812 1901 881 1962 viro
902 1899 1003 1962 nubit.

103 2005 309 2064 ann·725·26·
326 2009 437 2071 Hieme
455 2009 558 2074 reddit
573 2013 713 2074 savorem
728 2011 821 2072 Delia
835 2024 957 2092 poetae,
975 2014 1030 2094 qui
1046 2014 1119 2074 scri·

369 2125 416 2186 bit
436 2129 511 2204 eleg.
533 2127 557 2201 i,
579 2133 608 2186 2.
633 2145 709 2193 rum
737 2125 874 2205 primum
901 2144 985 2188 nova
1013 2126 1121 2186 limina

370 2249 512 2299 tentaret.

328 2350 503 2412 Gerebatur
526 2352 605 2412 circa
626 2350 688 2411 hoc
709 2360 830 2430 tempus
853 2350 969 2411 bellum
990 2349 1022 2408 iu
1047 2346 1121 2410 Cili·

371 2464 416 2523 cia
438 2463 497 2523 sub
521 2463 672 2525 Messalae
695 2462 855 2543 arrepiciia,
881 2462 936 2545 qui
959 2458 1120 2526 Orientem

370 2575 586 2656 componebat.

117 2689 193 2750 Anni
211 2692 289 2749 726.
315 2710 398 2770 mare
419 2689 496 2750 felix
517 2687 641 2750 amanti.
683 2687 767 2747 Tum
785 2686 876 2751 Delia
900 2708 1018 2752 novttm
1039 2711 1123 2751 ama·

369 2815 469 2864 torem
484 2799 616 2862 admittit
629 2813 660 2864 et
672 2816 766 2884 pocta
782 2803 888 2866 scribit
903 2803 979 2882 eleg.
994 2804 1018 2880 t,
1037 2811 1066 2866 6.
1078 2839 1121 2851 -

368 2915 481 2976 Postea
500 2914 608 2977 relicta
632 2927 689 3002 θεῖ.

127 3045 196 3090 ann.
214 3033 290 3087 727.
328 3027 475 3093 Carmina
497 3025 538 3088 ad
556 2992 737 3088 Marathum
757 3027 850 3090 scribi
871 3040 988 3108 coepta.
1009 3065 1052 3077 --
1064 3066 1067 3072 ·
1080 3029 1123 3091 D.

370 3143 491 3203 XXIV.
512 3139 597 3221 Sept.
616 3139 769 3214 Messala,
799 3136 903 3199 redux
925 3160 965 3199 ex
986 3137 1123 3216 Oriente,
1189 3181 1194 3188 ·

370 3254 574 3335 triumphavit
589 3250 627 3313 de
643 3251 819 3332 Aquitanis.
857 3251 1054 3335 Paullo'post
1070 3255 1124 3315 Ti-

370 3368 474 3428 bulluo
497 3365 636 3427 natalitia
660 3364 728 3426 ciue
755 3365 922 3429 celebravit
949 3368 1024 3447 eleg.
1045 3367 1068 3444 l,
1094 3375 1123 3432 7.

99 3566 101 3574 Ι
131 3501 202 3540 ann.
219 3485 294 3540 728.
330 3475 391 3540 Edi
410 3480 513 3560 potuit
532 3479 614 3541 liber
634 3477 756 3560 primur
778 3478 954 3558 elegiartun.

128 3604 288 3745 ³5:¹⁰3?
331 3627 465 3708 Glycera
481 3639 603 3688 amatur
617 3642 648 3690 et
662 3640 818 3690 canuntur
834 3644 965 3713 propter
984 3653 1051 3694 eam
1069 3632 1123 3693 tte-

373 3741 451 3802 bileo
482 3741 569 3819 clegi.
620 3741 714 3803 initio
747 3745 860 3806 amoris
899 3745 992 3806 scribi
1024 3744 1127 3822 potuit

373 3875 467 3916 carm.
488 3854 542 3929 tv,
567 3860 615 3916 13.

132 3988 201 4028 anu.
219 3972 292 4028 731.
320 3967 406 4031 tPoot
428 3965 578 4047 Glycerae
599 3985 738 4027 amorem
766 3966 895 4046 elegidia
922 3967 996 4030 libri
1023 3971 1125 4051 quarti

374 4099 563 4160 componere
585 4079 698 4160 coepit.

132 4196 200 4256 circ.
223 4203 241 4254 7
246 4200 296 4256 33.
332 4191 491 4254 Nemesim
513 4212 617 4253 amare
639 4194 755 4277 coepit,
778 4194 827 4256 cui
850 4192 961 4257 deinde
982 4198 1040 4256 tria
1061 4216 1127 4257 car·

374 4305 459 4366 mina
481 4319 668 4370 consecrata.
875 4290 881 4299 ’

797 4446 845 4501 c2
