2468 4838
130 618 219 659 axau
539 594 597 657 DE
619 589 737 660 POESi

133 772 236 834 exitur
258 771 309 834 hic
334 769 489 833 adhibitae
512 788 624 851 parum
654 778 835 850 perspectae
863 767 1040 832 videantur.
1092 768 1153 834 Ga·

132 897 254 948 uuntur
276 879 599 969 παρακλαυσίθυρα,
621 893 655 943 ut
676 881 760 944 fictio
781 882 903 963 poetica
929 894 992 962 eat,
1013 894 1085 945 ante
1107 884 1154 946 ia·

132 1019 228 1063 nuam
249 1000 397 1060 clausam.
439 997 505 1058 Iam
528 1005 601 1075 poet
622 995 781 1077 querelae,
810 994 1019 1072 nomafionea,
1044 1018 1155 1078 preeea

134 1136 204 1177 cum
226 1134 292 1178 non
314 1113 474 1194 aperiatur
494 1113 603 1187 ianua,
626 1110 727 1191 qualia
749 1107 810 1169 erit
830 1105 955 1171 exitua?
998 1108 1156 1188 Diaeedet,

134 1229 236 1307 dieas,
259 1239 353 1310 poeta
379 1229 510 1290 eoeleste
534 1227 684 1288 auxilium
705 1225 872 1302 invocant,
893 1238 929 1288 ut
950 1226 995 1289 aie
1016 1246 1158 1291 eommo-

135 1359 245 1407 veatur
262 1347 378 1428 puella.
420 1344 507 1406 Fieri
526 1343 571 1404 ita
591 1355 702 1423 pateat,
724 1341 778 1403 aed
799 1353 901 1422 poteat
926 1343 1044 1423 optime
1063 1343 1158 1405 etiam

136 1460 235 1521 aliter.
276 1459 418 1520 Primum
436 1457 520 1518 enim
540 1476 613 1516 cum
630 1454 776 1516 irrisione
793 1455 916 1535 puellae
937 1454 1025 1517 abire
1045 1466 1160 1536 potent,

137 1575 164 1635 ei
185 1593 243 1653 per
264 1572 470 1634 mutationem
491 1568 662 1631 tententiae
682 1579 812 1648 repente
832 1560 952 1629 animoa
973 1580 1090 1644 aumat,
1107 1568 1160 1632 iu·

138 1699 238 1747 retae
262 1705 328 1747 non
349 1683 542 1759 rediturum,
563 1679 663 1743 rideat
684 1684 819 1762 puellam
843 1693 874 1742 et
893 1681 1042 1760 rivalem,
1061 1694 1159 1768 atque

135 1802 180 1862 ita
202 1799 296 1861 finem
317 1800 460 1882 imponat
483 1800 640 1882 querelae.
681 1794 776 1872 Quod
796 1816 895 1877 genua
916 1796 1021 1859 exitua
1040 1817 1160 1862 nervo·

137 1917 201 1977 eiua
230 1917 341 1997 pungit
369 1915 490 1995 puellae
520 1925 551 1976 et
577 1933 678 1977 novoe
705 1913 847 1993 stimulos
880 1913 1026 1976 earcaami
1062 1910 1161 1977 addit.

138 2031 184 2088 Ita
206 2028 279 2089 iecit
299 2027 444 2089 Tibullus
473 2027 549 2105 eleg.
569 2026 595 2104 1,
617 2033 647 2089 5.
668 2027 723 2089 ubi
744 2026 888 2109 Heyniua
916 2027 1037 2090 exitum
1061 2028 1160 2111 plene

140 2139 275 2220 damnat,
292 2140 434 2218 Vossius,
454 2142 629 2217 Poeantius,
651 2141 704 2201 alii
717 2139 858 2202 inierunt
879 2138 967 2223 quod
983 2161 1050 2204 non
1067 2143 1159 2206 ineat.

138 2254 220 2319 Vide
242 2278 326 2320 nune
350 2257 442 2318 aliam
466 2255 632 2319 rationem.
680 2253 762 2316 Cum
782 2268 937 2319 amatores
957 2256 1066 2319 mlaerl
1086 2270 1160 2321 ante

138 2371 264 2434 ianuam
283 2373 489 2432 lamentantes
504 2371 618 2451 paeaim
640 2368 821 2431 riderentur
841 2392 860 2432 a
878 2375 1161 2452 praetereuntibus,

136 2487 233 2559 etiam
261 2487 334 2547 hinc
356 2484 423 2565 peti
447 2484 551 2565 potuit
572 2483 673 2545 forma
694 2484 816 2564 poetica
839 2483 960 2564 exitua,
988 2488 1016 2549 ai
1040 2486 1075 2549 in
1095 2489 1160 2551 fine

138 2611 232 2681 poeta
255 2618 325 2661 cum
347 2595 560 2659 admonitione
583 2595 719 2659 nieorum
740 2616 870 2658 auorum
891 2595 1087 2663 discedebam
1115 2602 1161 2665 At

138 2720 188 2789 tu',
209 2712 265 2795 qui
288 2712 386 2773 laetua
406 2706 491 2772 ridet
511 2711 594 2770 mala
610 2721 735 2786 nostra,
756 2721 865 2772 caveto
886 2710 967 2774 Mox
985 2711 1063 2775 tibi:
1091 2734 1160 2777 non

139 2831 196 2888 uni
217 2827 334 2891 saeviet
354 2845 453 2908 ueqne
476 2823 563 2886 dena.
614 2823 665 2886 Sic
687 2844 728 2884 ex
748 2817 996 2888 consideratione
1017 2846 1160 2891 commu·

141 2944 190 3004 ula
207 2943 263 3003 lati
279 2942 423 3004 solatium
444 2940 571 3020 petitur,
594 2943 778 3022 animusque
793 2955 905 3021 poetae
926 2932 1047 3004 erectui
1066 2944 1160 3005 etiarn

49 3056 52 3063 '
140 3060 184 3120 ita
214 3059 248 3119 in
278 3055 528 3140 tranquilliorem
555 3068 668 3117 etatum
695 3054 786 3119 redit.
837 3059 885 3119 Ita
905 3059 985 3120 lecit
1005 3054 1160 3122 'Tibullus

141 3173 216 3251 eleg.
237 3171 261 3249 l,
282 3178 313 3233 2,
360 3168 455 3233 Poaae
483 3168 619 3252 denique
641 3171 735 3232 etiam
756 3143 836 3236 cum·
851 3172 993 3234 ianitoris
1014 3193 1160 3237 extent-e·

139 3287 226 3347 tione
258 3283 355 3362 abiri,
384 3285 411 3346 ei
441 3283 536 3345 liniue
565 3282 701 3345 maxinre
729 3284 837 3364 eulpa,
869 3282 968 3347 dianae
996 3306 1039 3348 ex
1065 3284 1161 3352 ovid

141 3400 267 3460 Amorr.
287 3398 311 3475 I,
334 3402 371 3475 63
401 3396 546 3458 Tibullus
570 3408 673 3457 tamen
695 3399 756 3459 hoc
778 3409 816 3459 ut
836 3399 986 3463 humilius
1005 3401 1161 3482 spreverit

140 3513 173 3572 in
196 3531 253 3573 aua
272 3511 370 3592 poesi.
412 3510 498 3572 Haec
515 3512 674 3578 haetenua.
716 3512 766 3575 De
782 3514 870 3583 exitu
886 3513 1010 3578 abunde
1030 3513 1159 3581 dictum.

224 3844 375 3909 Redimus
397 3869 480 3913 nune
497 3847 536 3912 ad
556 3848 599 3930 id,
621 3850 706 3935 quod
724 3872 819 3935 atrpra
834 3855 1035 3936 promissum.
1076 3854 1161 3921 Nam

138 3975 174 4024 ut
198 3963 293 4026 'modo
324 3967 460 4044 exitum,
493 3967 536 4031 aie
557 3969 647 4051 priua
675 3966 841 4032 exordium
863 3970 1084 4053 deacripaimue
1111 3971 1160 4036 di·

139 4086 236 4150 serie,
257 4080 343 4140 madii
361 4101 438 4142 vero
461 4089 595 4144 carminis
618 4086 829 4165 explicationem
849 4087 905 4149 vix
929 4099 1041 4150 tactam
1062 4109 1161 4171 euprn

139 4209 222 4249 nune
245 4191 437 4255 commodius
467 4197 682 4273 tractabimus,
715 4209 823 4279 utpote
851 4199 993 4279 longiore
1018 4199 1161 4282 disputa·

139 4301 223 4361 tione
247 4316 396 4381 egentem.
