2468 4838
453 604 639 671 TlBUIdal.
997 628 1067 671 eaxt

44 792 141 855 genus
170 772 387 851 schematum,
420 793 486 855 quo
514 773 597 837 forte
620 774 710 838 istius
739 775 956 858 descriptionis
987 777 1068 838 ratio

46 888 191 953 duxerat.
232 888 387 968 Exempla
415 888 599 970 ceteroquin
622 889 716 970 plura
736 890 901 953 schematis
920 890 954 952 in
974 889 1070 954 Gom·

46 1001 203 1067 menterio
232 998 306 1065 vide
337 999 429 1064 etiam
458 1020 499 1061 ex
528 998 657 1079 Ouidio,
692 1001 748 1085 qui
774 1023 867 1085 saepe
895 1003 1071 1086 usurpavit.

47 1116 154 1197 Atque
176 1115 256 1177 haec
276 1111 405 1195 quidem
425 1111 464 1185 de
484 1113 551 1193 lu's,
584 1135 688 1198 neque
711 1114 795 1178 enim
816 1113 890 1179 deta
908 1136 1004 1199 opera
1019 1128 1070 1180 to-

49 1242 116 1293 tum
147 1231 256 1293 locum
282 1225 322 1290 de
343 1228 481 1292 venustis
509 1228 675 1294 schematis
697 1229 920 1312 repetitionum
940 1243 1071 1293 mactare

50 1345 143 1420 eolo,
170 1344 229 1426 qui
248 1343 430 1422 Tibullum,
459 1363 526 1407 non
547 1344 626 1407 alios
645 1356 752 1426 poetas
773 1345 824 1407 hie
847 1344 1009 1428 explicem.
1031 1378 1073 1392 -

51 1458 185 1522 Praeter
205 1455 297 1517 allata
315 1457 471 1537 pathetica
500 1458 657 1521 schemata
685 1477 758 1520 cum
779 1459 871 1521 etiam
893 1457 953 1520 alia
976 1460 1075 1521 multa

53 1572 138 1655 apud
156 1572 325 1654 scriptores
344 1573 534 1650 habeantur,
557 1573 609 1635 hic
629 1570 758 1655 quidem
778 1573 915 1655 primum
936 1586 1076 1655 praeter·

53 1689 100 1750 ire
122 1707 191 1749 aon
214 1683 316 1748 debeo
335 1676 607 1770 wvoapoeople,
633 1686 699 1748 eive
721 1691 875 1764 cameriam
897 1707 993 1748 rerum
1011 1706 1076 1748 saw

54 1822 172 1877 mom,
202 1820 303 1882 aeque
329 1812 433 1882 aptam
462 1798 497 1860 in
525 1798 742 1878 obiurgatione
771 1812 802 1863 et
828 1800 957 1883 querele
984 1813 1077 1883 atque

40 1914 89 1976 ·in
110 1915 196 1976 laeto
218 1924 420 1992 argumento,
448 1911 482 1973 iu
503 1932 567 1994 qua
588 1911 703 1983 eximia
724 1912 773 1976 vie
794 1924 853 1974 est.
903 1912 1007 1974 Huius
1026 1933 1080 1993 ge·

58 2027 144 2090 neris
168 2024 255 2109 apud
274 2027 436 2089 Tibullum
457 2037 503 2088 est
527 2026 705 2107 praeclarus
729 2026 818 2089 locus
837 2026 871 2098 l,
892 2034 923 2104 7,
944 2028 985 2090 43
1008 2048 1076 2111 sqq.

58 2138 98 2203 de
120 2135 227 2205 Osiri:

145 2252 222 2317 Non
245 2251 305 2315 tibi
323 2264 399 2315 suat
414 2253 517 2313 trietes
540 2271 632 2313 curae
658 2272 714 2314 nec
734 2251 854 2325 luctus,
882 2247 982 2328 Osiri,

189 2364 255 2431 Sed
276 2365 390 2429 chorus
412 2376 443 2427 et
467 2375 576 2426 cautus
597 2377 629 2427 et
647 2364 726 2428 levis
748 2376 838 2445 aptus
859 2383 964 2441 emor,

147 2478 211 2544 sed
232 2479 313 2545 varii
333 2477 426 2541 flores
447 2491 478 2540 et
498 2477 588 2540 froas
606 2475 750 2539 redimita
770 2476 944 2560 corymbis,

193 2593 281 2657 Fusa
300 2589 357 2656 sed
377 2590 417 2654 ad
439 2603 565 2653 teneros
585 2591 670 2652 lutea
689 2592 773 2671 palla
794 2587 906 2670 pedes,

150 2709 192 2772 Et
215 2706 331 2791 Tyriae
351 2717 452 2769 vestes
473 2715 504 2767 et
526 2702 624 2766 dulcis
645 2702 722 2767 tibia
743 2713 853 2779 cantu,

196 2821 238 2881 Et
257 2820 335 2882 levis
357 2817 486 2881 occtrltis
506 2818 628 2879 conscia
650 2817 726 2877 cista
746 2814 851 2876 sacris.

66 2933 98 2994 in
124 2952 190 3016 quo
212 2932 309 2995 sentis
333 2943 485 3015 quantum
506 2930 545 2992 eit
565 2928 731 2991 alacritatis
752 2939 784 2990 et
805 2924 938 3007 vigoris,
964 2943 1090 2986 succur-

66 3060 157 3110 rente
178 3046 319 3109 suaviter
338 3045 433 3107 etiam
453 3042 638 3125 repetitione
655 3040 845 3121 anaphorica
868 3037 1091 3118 particularum

68 3164 121 3224 aad
140 3174 236 3244 atque
257 3172 296 3222 ct.
316 3192 359 3207 -
400 3156 483 3220 Vide
504 3174 602 3239 porro
624 3149 702 3217 illud
723 3154 825 3215 alacre
846 3153 987 3226 schema,
1008 3148 1094 3232 quod

70 3280 217 3336 omisdoae
247 3274 406 3357 particulos
433 3277 460 3332 a·
486 3271 604 3346 oritur,
638 3278 780 3329 notatum
802 3262 841 3325 ad
863 3265 895 3339 l,
917 3269 958 3340 6,
980 3266 1030 3323 53.
1051 3292 1094 3306 -

71 3389 240 3449 Postremo
261 3404 420 3462 memoro,
448 3404 489 3445 ne
520 3371 598 3465 quid
617 3379 742 3461 gravius
766 3376 922 3452 omittam,
949 3378 1097 3437 tramitum

71 3503 195 3564 subm
226 3501 265 3560 ab
292 3504 417 3561 oratioue
443 3498 558 3579 oddone
584 3497 627 3557 od
654 3495 810 3569 directore,
843 3480 913 3556 dud
935 3484 998 3554 τοῦ
1025 3485 1098 3568 deq·

75 3609 272 3698 γηματικοῦ
305 3613 355 3685 εἰς
389 3605 428 3674 ed
462 3598 648 3692 μιμητικὸν
678 3603 794 3690 γένος,
834 3600 873 3664 de
908 3620 972 3683 quo
1006 3600 1098 3678 plura

76 3723 149 3789 vide
175 3722 217 3786 ad
241 3725 274 3798 1,
295 3727 332 3800 ⁵,
355 3727 409 3784 21.
457 3719 546 3782 Nihil
573 3715 774 3781 iniucuudiue
803 3715 844 3779 sit
868 3725 898 3776 et
922 3709 1099 3790 languidius

79 3838 112 3898 in
140 3837 232 3920 poesi
263 3837 462 3909 narratione,
497 3853 577 3916 quae
608 3831 756 3914 obliquae
786 3824 937 3892 orati0nie
966 3824 1099 3885 formam
1166 3868 1184 3893 ¹.

81 3953 214 4030 habeat3
247 3970 346 4032 quare
374 3951 457 4010 ultro
481 3966 514 4009 se
541 3945 656 4009 obtulit
681 3946 757 4006 haec
784 3939 917 4003 mutatio
944 3949 1006 3998 tam
1030 3955 1102 3995 ner-

83 4085 158 4129 vosa
188 4077 220 4127 et
251 4059 377 4135 vivida,
420 4060 513 4121 etiam
546 4081 563 4118 a
595 4078 689 4138 prosa
721 4055 862 4116 oratione
895 4071 958 4113 non
993 4048 1103 4110 alione.

84 4179 228 4243 Tibullus
253 4175 386 4258 pulchra
411 4173 554 4256 exempla
577 4172 681 4235 habet
732 4169 773 4229 Et
802 4185 885 4227 nunc
915 4163 1104 4227 absolvimus

12 4378 14 4389 Ι
86 4293 144 4356 hoc
166 4302 262 4375 caput
285 4308 402 4352 rerum.

801 4391 812 4449 l
