2468 4838
34 666 129 711 oxt'ut
453 642 510 705 DE
532 636 650 707 POESl

36 838 110 899 para
136 836 243 880 rerum
272 840 290 879 u
319 813 477 898 principio
508 810 548 874 ad
571 834 602 877 u.
615 818 667 874 26.
688 830 752 873 una
777 810 990 893 perpetuitate
1013 810 1069 873 de·

36 932 149 994 errarit.
178 951 250 993 cum
278 930 373 991 etiam
401 926 453 987 liic
481 938 660 1007 reparatum
687 922 858 988 exordium
887 944 955 988 non
979 924 1070 1001 adait.

36 1049 131 1109 altera
165 1068 182 1107 a
217 1068 247 1109 v.
266 1051 320 1107 2⁷.
352 1042 522 1105 manileeto
554 1040 776 1123 repetitionem
812 1038 1068 1103 antecedentium

33 1161 173 1226 continet
201 1182 266 1223 arna
295 1178 368 1223 oum
400 1158 501 1220 exitu.
552 1157 610 1221 Eat
640 1170 747 1221 tamen
779 1178 867 1219 nuno
895 1154 1071 1219 admodum

32 1276 136 1340 ieiuna
162 1272 310 1357 repetitio
333 1284 366 1334 et
388 1272 519 1335 omnino
542 1282 609 1336 tota
629 1270 773 1337 tractatio
794 1270 831 1335 in
855 1274 960 1335 altera
980 1282 1071 1355 parto

31 1388 123 1451 valde
137 1388 324 1469 imperfecta
337 1397 370 1449 et
382 1384 504 1465 vitiosa,
522 1382 639 1471 dequo
648 1386 721 1453 vide
731 1386 1074 1451 commentarium.-

29 1508 147 1567 Smum
170 1501 310 1585 denique
332 1521 477 1578 carmen,
506 1501 571 1563 iarn
596 1522 695 1585 aupra
718 1501 933 1583 descriptum,
962 1500 1074 1563 mallum

30 1622 139 1678 omnino
158 1618 318 1677 droisr'onem
338 1619 477 1677 maiorem
495 1614 604 1678 hebet.
645 1616 801 1679 introitur
823 1636 844 1677 a
860 1613 1074 1699 nequendbua

28 1728 168 1808 reparari
186 1728 316 1810 nequit,
337 1738 370 1789 et
387 1727 432 1790 aia
449 1724 602 1790 adfinem
619 1729 775 1791 continuo
792 1748 889 1793 eurau
910 1730 953 1792 ab
972 1728 1075 1791 altero

28 1840 67 1905 ad
81 1844 217 1904 alterum
232 1842 375 1905 venitur.
416 1842 528 1907 Partea
541 1843 731 1926 principalea
747 1841 917 1908 distinctae
932 1862 1003 1906 non
1019 1841 1076 1906 ad-

26 1965 108 2032 eunt,
123 1976 183 2016 nec
198 1967 334 2035 poeaunt
346 1954 399 2017 hic
412 1974 490 2019 erae.
522 1955 628 2019 Etiam
640 1956 703 2021 hoo
714 1975 817 2039 genua
831 1956 1077 2041 eompoaitionia

27 2085 92 2128 non
115 2066 207 2129 nouit
225 2066 391 2146 Tibullua,
411 2068 470 2131 etei
490 2066 578 2150 apud
597 2068 678 2132 alioa
698 2072 874 2152 reperitur.
916 2068 1078 2153 Lygdami

25 2190 129 2241 autem
139 2178 230 2242 videa
239 2182 366 2245 nullum
377 2201 506 2245 cannen
516 2202 595 2261 eoae,
603 2181 690 2267 quod
700 2205 778 2249 vere
787 2184 1079 2247 referat'l'ibullia·

26 2309 85 2351 nae
99 2291 219 2371 elegiae
231 2294 403 2357 rationem.
433 2294 553 2359 Pedem
565 2297 655 2360 aieto.
685 2300 911 2363 Percurrimua
925 2296 1078 2361 ordinem

23 2402 202 2466 formarum
226 2408 346 2487 elegiae
369 2410 446 2473 natio
468 2412 659 2491 notabilem,
682 2436 720 2477 aa
738 2416 887 2479 laetabor
906 2414 937 2477 ai
957 2416 1080 2478 nentina

23 2515 130 2593 paullo
151 2517 293 2597 penitius
311 2540 399 2584 nuno
414 2522 477 2586 hoc
497 2542 599 2603 genua
619 2545 756 2609 poeaeoa
776 2526 836 2590 tibi
855 2538 1082 2609 perspectum.

432 2696 655 2713 m

242 2900 289 2951 lll.
338 2904 387 2957 ott
415 2906 660 2971 ELOCUTIONE
684 2914 847 2973 ’rtrum

84 3072 175 3149 Quae
203 3092 320 3145 namra
348 3098 382 3149 et
403 3087 530 3158 indoleo
557 3098 677 3179 elegiae
702 3100 738 3162 in
760 3102 934 3184 mulnaiti
964 3108 1079 3174 ΜΘΝ

20 3186 179 3264 reperitur
204 3190 240 3253 in
263 3196 445 3265 minoribus
465 3216 498 3266 et
523 3208 683 3290 minimis,
710 3224 750 3277 ut
773 3228 823 3279 eat
843 3236 946 3283 omne
968 3222 1082 3285 claaai·

21 3316 90 3419 rpm
113 3317 197 3379 opua
219 3305 283 3370 eibi
305 3320 409 3375 totum
428 3316 544 3383 simile.
592 3322 820 3393 Recordemur
839 3344 954 3397 autem
975 3354 1081 3419 expo·

18 3406 164 3471 ortionem
178 3415 328 3483 latiorem
343 3445 496 3494 aenauum
512 3445 546 3496 et
562 3437 739 3507 atteemum
754 3446 877 3527 elegiae
889 3451 1082 3532 propfim

17 3518 94 3577 haec
125 3526 398 3603 quemadmodum
428 3542 462 3603 in
493 3548 656 3616 maiorum
685 3558 829 3637 partiunt
861 3575 897 3625 et
927 3566 1080 3630 locorum

17 3634 203 3701 tractatione
230 3662 358 3725 regnat,
385 3654 431 3717 ita
454 3657 490 3718 in
514 3660 649 3743 ningulia
671 3668 828 3739 distichis.
878 3676 948 3743 Sed
973 3682 1082 3745 omnia

17 3752 110 3863 poeta
137 3754 317 3826 peculiarea
342 3763 478 3829 virtutes
505 3772 615 3839 habet.
665 3780 792 3847 Tibulli
816 3792 928 3871 poeaia
954 3792 1083 3877 aimpli·

16 3862 104 3970 utute
123 3865 354 3931 tententiarum
370 3886 402 3937 et
419 3880 577 3945 orationia
597 3894 742 3972 excellit,
764 3902 898 3966 excellit
911 3924 997 3969 vero
1012 3926 1082 3971 non

16 3974 119 4021 nunua
140 3968 253 4048 vigore
275 3984 420 4063 egregio,
449 3994 508 4072 qui
531 4002 726 4081 conspicuus
750 4008 785 4071 in
811 4023 862 4077 tot
886 4013 1083 4101 demiptio-

15 4080 88 4125 num
118 4086 150 4132 et
178 4090 411 4157 sententiarum
439 4107 606 4179 praeclara
636 4114 688 4191 vi,
721 4132 753 4182 et
780 4122 853 4205 ipae
879 4130 1083 4214 principium

13 4188 105 4237 suum
127 4181 226 4253 habet
252 4199 286 4260 in
311 4204 513 4287 singulorum
535 4218 750 4296 distichorum
780 4258 925 4305 nervoaa
948 4248 1083 4311 conlur-

13 4295 162 4358 matrone.
230 4306 322 4383 Quae
356 4344 429 4388 curu
462 4330 507 4393 ita
542 4338 628 4417 sint,
671 4352 807 4427 penitae
840 4365 1083 4439 perscrutatori
