2468 4838
1084 587 1129 626 vlt

103 767 260 841 laborem,
294 780 360 823 uon
388 770 522 843 poemant
550 770 614 823 toto
643 758 746 824 officio
773 762 952 844 interpretis
980 760 1041 828 dici
1070 765 1124 828 de·

105 908 212 972 iuneti.
262 901 369 982 Quare
397 902 570 986 optandum
600 915 646 966 eat
672 916 708 967 ut
728 906 923 990 frequentina
942 908 1124 971 huiuamodi

104 1050 337 1135 disquisitiones
364 1047 556 1126 scribantur,
589 1060 621 1111 et
649 1048 839 1131 perficiatur·
852 1053 1009 1115 communi
1039 1053 1123 1115 viro·

104 1214 174 1256 mem
199 1189 369 1255 doctorum
401 1188 506 1254 etudio
535 1190 612 1255 haee
633 1206 763 1276 quoque
783 1212 856 1276 paro
876 1195 1123 1262 be'rmeneutioae

108 1338 195 1404 nitatis
216 1336 272 1401 diu
292 1338 442 1419 neglecta.
494 1339 616 1401 Verum
637 1338 673 1400 in
693 1338 776 1403 viam
797 1339 903 1405 redeo.
953 1341 1125 1426 Gompoeui

106 1482 187 1544 enim
206 1490 370 1564 praeterea
391 1480 483 1543 etiam
507 1478 612 1542 Vitam
631 1480 764 1560 Tibulli,
788 1504 858 1546 cum
881 1505 946 1548 non
968 1489 1124 1552 eatissace·

105 1635 153 1687 ret
174 1643 255 1707 quae
279 1620 364 1706 apud
386 1622 546 1707 Heynium
566 1625 680 1706 legitur
700 1624 869 1711 synopsis,
898 1627 1029 1693 traditae
1050 1630 1125 1712 qui-

107 1764 176 1830 dem
204 1764 331 1829 notitiae
358 1786 477 1849 paucae
495 1782 584 1846 eunt,
613 1781 648 1831 ut
668 1782 804 1848 constat,
831 1769 1018 1835 videbantur
1048 1792 1123 1835 vero

106 1910 165 1974 alia
184 1909 367 1973 verisimilia
394 1907 467 1971 addi
492 1930 599 1992 poaee,
633 1913 798 1976 conatitnto
827 1913 984 1995 probabili
1012 1909 1123 1975 ordine

106 2053 288 2116 carminum.
330 2049 398 2116 Nec
419 2050 569 2118 declinari
589 2055 640 2118 hic
654 2056 745 2119 labor
756 2067 895 2138 poterat,
919 2052 973 2119 aed
988 2066 1054 2117 erat
1068 2074 1123 2116 ne·

104 2180 236 2259 cessaria
254 2213 329 2277 para
350 2192 533 2276 provinciae
554 2208 730 2277 susceptam
753 2216 826 2258 nam
846 2210 883 2259 ut
902 2199 1040 2278 aingadae
1061 2199 1125 2260 ele·

104 2338 170 2418 gine
197 2349 229 2399 et
255 2335 356 2400 eauaie
383 2335 521 2397 externis
550 2347 581 2397 et
601 2336 731 2400 coneilio
752 2335 876 2419 poetico
897 2335 1057 2419 scriptoria
1076 2337 1125 2398 ni-

105 2488 230 2557 tuntur,
251 2475 296 2540 aie
315 2474 412 2538 totius
426 2476 530 2557 operia
553 2477 719 2558 explicatio
739 2490 864 2559 praeter
883 2475 1125 2561 disputationem

107 2618 143 2682 de
170 2620 295 2684 ratione
328 2604 460 2702 poeseos
494 2616 649 2682 desiderat
680 2619 772 2682 etiam
797 2619 889 2682 Vitae
926 2632 1125 2701 conspectum

105 2772 256 2844 quantum
281 2760 351 2824 fieri
377 2773 481 2843 potest
510 2762 707 2843 probabilem
729 2773 760 2824 et
781 2763 910 2824 clatum.
952 2762 1056 2846 Atque
1075 2762 1125 2824 hie

105 2900 383 2966 Dissertationibua
405 2898 526 2967 duabus
556 2899 691 2986 denique
706 2894 813 2966 'etiam
844 2925 895 2967 eae
925 2904 1123 2987 quaestiones

104 3046 258 3127 persecuti
291 3067 415 3126 eumue,
448 3067 529 3130 quae
556 3047 639 3110 tertii
673 3060 703 3111 et
733 3049 837 3131 quarti
866 3048 940 3111 libri
971 3048 1123 3129 originem

104 3204 259 3274 apaetant3
278 3195 419 3275 postulat
438 3191 520 3255 enim
535 3190 715 3254 huiuamodi
730 3213 780 3254 rea
793 3194 907 3273 partim
931 3194 1123 3273 singulorum

104 3335 245 3398 locorum
277 3332 573 3414 considerationem,
605 3332 638 3397 id
666 3333 753 3420 quod
780 3336 814 3398 in
837 3338 1064 3401 commentariis
1084 3338 1123 3401 ad

105 3475 170 3558 ipaa
190 3477 246 3540 illa
268 3479 405 3541 earmina
427 3480 558 3560 iactum,
587 3481 701 3564 partim
732 3483 867 3547 maiores
895 3496 926 3546 et
950 3483 1123 3564 generalio-

105 3640 152 3683 rea
172 3618 415 3704 disputationes,
449 3642 527 3706 quae
554 3621 587 3682 iu
606 3622 683 3684 -Vita
701 3622 822 3686 Tibulli
852 3638 882 3687 ot
909 3624 944 3685 in
965 3625 1122 3686 Disserta-

104 3762 187 3827 tiune
206 3761 247 3826 de
268 3764 358 3846 poesi
380 3767 445 3827 eiua
463 3763 581 3845 legetis.
623 3765 716 3829 Albio
741 3766 847 3830 tribuo
871 3785 941 3828 cum
962 3764 1030 3825 aliia
1061 3764 1123 3825 ele·

107 3900 185 3984 gidia
209 3904 315 3988 quarti
338 3904 413 3967 libri
420 3948 430 3982 ,
460 3904 587 3968 tertium
604 3926 680 3968 vero
701 3904 819 3969 librum
851 3917 881 3965 et
901 3904 1123 3987 panegyricum

107 4045 138 4106 in
157 4044 324 4109 Messalam
354 4045 423 4109 dico
451 4059 536 4110 ortoa
559 4045 685 4129 quidem
712 4059 742 4110 et
771 4043 869 4110 editoe
891 4047 952 4111 iate
974 4060 1123 4130 tempore,

111 4182 247 4249 sednon
268 4207 287 4246 a
308 4185 437 4249 Tibullo
459 4188 600 4269 scriptos.

190 4327 293 4423 Atque
311 4327 388 4389 haec
408 4325 532 4409 quidem
555 4340 641 4405 sunt,
665 4328 791 4410 quaein
813 4332 872 4392 hoe
889 4331 971 4392 libro
990 4351 1060 4392 meo
1076 4333 1125 4391 in·
