2468 4838
510 565 697 635 TIBULLI.
1031 596 1108 641 cxxi

82 734 177 797 Plura
198 735 348 817 exempla
365 735 418 799 hic
435 756 503 799 non
525 740 642 821 affero3
663 739 747 805 inira
766 741 852 809 eninr
872 745 967 809 etiam
984 744 1024 809 de
1044 749 1106 813 hoc

81 870 196 929 genere
223 853 340 915 iterum
361 850 492 917 dicetur.
539 856 683 939 Apparet
704 878 782 923 vero
808 881 868 943 per
890 881 924 924 se
947 884 1043 944 quam
1067 861 1108 926 sit

81 964 159 1027 haec
188 986 321 1050 quoque
349 986 401 1029 rea
428 978 502 1049 apta
523 966 679 1050 distichis,
709 992 781 1033 cum
805 985 835 1035 et
857 976 951 1047 metri
971 975 1106 1037 ambitus

81 1081 251 1161 explentur
276 1078 440 1143 commode
469 1093 500 1143 et
527 1083 698 1146 tententiae
724 1082 869 1147 disertius
890 1099 1105 1168 exponantur.

80 1193 246 1257 Postremo
267 1196 386 1258 clarum
407 1196 569 1279 quomodo
591 1219 628 1261 ea
649 1198 774 1262 differet
794 1221 813 1263 a
833 1198 1003 1281 divisione3
1031 1224 1103 1266 nam

81 1306 170 1369 aliud
187 1321 236 1372 est
252 1308 430 1373 discernere
450 1323 573 1391 partes,
593 1311 754 1389 notiones,
777 1325 808 1376 et
827 1335 948 1395 ponere
970 1313 1104 1391 diversa,
1218 1374 1225 1389 ,

80 1421 169 1485 aliud
192 1421 279 1487 idem
302 1423 406 1488 dicere
434 1429 523 1491 vario
549 1427 644 1492 modo
668 1442 700 1492 et
721 1428 882 1492 cumulare
903 1429 1017 1492 ehniles
1038 1431 1105 1492 for·

80 1554 151 1597 maa
172 1535 313 1599 eiusdem
337 1544 519 1603 sententiae.
565 1543 613 1604 lta
635 1541 728 1606 litut
753 1546 852 1607 altera
871 1545 953 1607 ratio
977 1545 1105 1626 opposi-

79 1646 238 1727 tionibus,
261 1651 359 1713 altera
379 1652 634 1717 similitudinibus
653 1656 802 1738 gaudent,
829 1658 919 1744 quod
938 1657 1104 1723 discrimen

81 1780 179 1844 quam
199 1762 268 1827 rim
286 1764 419 1845 habeat,
448 1767 534 1829 infra
554 1766 669 1831 clarius
689 1766 799 1834 disces.

573 1965 614 2027 Δ.

144 2102 318 2169 Videamus
346 2126 433 2169 nunc
455 2106 636 2186 Tibullum,
666 2105 754 2170 cuius
785 2126 879 2170 causa
906 2106 984 2169 haec
1010 2127 1104 2189 prae·

79 2218 175 2283 missa
203 2232 294 2300 sunt;
327 2239 402 2283 nam
426 2217 462 2283 id
489 2219 608 2301 agimus
635 2232 671 2283 ut
694 2221 891 2283 Tibullinnne
919 2218 1104 2283 elocutionis

79 2334 222 2399 indolem
247 2333 417 2421 (Kurrststrl)
438 2338 643 2401 illustremus.
690 2335 747 2399 Est
769 2347 875 2400 autem
898 2331 985 2396 aliud
1009 2353 1105 2413 gene·

78 2453 174 2515 ratim
201 2451 339 2515 scribere
369 2450 408 2517 de
437 2453 632 2532 elocutione,
664 2449 751 2515 eliud
780 2447 820 2512 de
849 2461 932 2514 certo
964 2445 1103 2532 quodam

74 2567 233 2647 scriptore
254 2564 369 2629 dicere.
420 2564 500 2629 (lum
523 2566 606 2629 enim
631 2554 734 2631 varies
760 2578 865 2647 partes
894 2564 1009 2626 habeat
1036 2563 1103 2625 elo·

79 2681 183 2759 cutio,
215 2682 272 2764 qui
296 2681 482 2764 scriptorem
509 2678 668 2765 quendam
693 2680 846 2762 explicat,
875 2679 915 2740 ab
942 2700 980 2741 eo
1004 2676 1104 2739 ordiri

79 2792 173 2858 debet
200 2806 296 2879 atque
320 2794 355 2859 id
379 2796 482 2880 primo
504 2798 575 2861 loco
597 2816 734 2880 ponere,
765 2791 853 2879 quod
873 2792 1047 2855 maximum
1067 2793 1101 2854 in

77 2906 175 2971 buius
193 2908 369 2972 elocutione
386 2910 483 2974 hebet
502 2922 710 2988 momentum,
732 2921 801 2972 tum
817 2904 980 2973 commode
997 2905 1103 2988 dispo·

77 3041 155 3084 nere
184 3032 298 3088 cetera
347 3024 454 3106 Atque
479 3024 525 3087 ita
553 3023 713 3087 iaciemus.
731 3056 778 3072 -
825 3021 924 3100 igitur
953 3031 1008 3081 aut
1038 3038 1103 3080 una

78 3132 229 3198 continua
250 3132 382 3217 periodo
401 3137 553 3219 impletur
571 3134 741 3212 distichon,
769 3146 825 3197 aut
845 3133 987 3195 membra
1007 3132 1103 3193 habet

76 3250 234 3313 sententia
254 3248 396 3315 discrete.
437 3253 485 3315 Ac
505 3252 598 3315 nobis
615 3251 751 3313 maxime
770 3247 809 3311 da
828 3250 925 3311 altero
948 3243 1101 3325 agendum

77 3364 151 3441 erit,
171 3366 400 3447 praemittimus
414 3378 519 3430 tamen
535 3368 691 3431 nonnulla
708 3365 746 3428 de
760 3363 870 3447 priori.
910 3360 956 3425 Ut
969 3360 1100 3424 omnino

75 3474 204 3559 pondus
218 3478 338 3542 habent
352 3479 535 3561 grandiores
551 3479 803 3562 compositiones,
822 3480 866 3541 sic
883 3476 977 3541 etiam
993 3474 1100 3557 perio·

77 3586 136 3653 dua
164 3612 232 3655 nna
258 3594 407 3657 continua
433 3614 492 3677 per
520 3604 620 3656 totum
646 3589 802 3657 distichon
830 3612 897 3655 non
921 3590 1099 3667 interrupto

77 3724 173 3767 cursu
201 3704 372 3771 decurrens
398 3710 499 3791 placet
525 3728 660 3773 nervoso
689 3706 818 3769 ambitu.
870 3703 1099 3781 Distinguimus

76 3836 153 3881 tero
183 3820 237 3882 hic
267 3818 344 3883 duas
370 3822 499 3884 formas.
547 3822 723 3886 Nervoeior
744 3833 776 3883 et
799 3817 918 3881 firmior
943 3817 1020 3877 hacc
1045 3826 1110 3889 eet,-

77 3933 131 3995 ubi
158 3954 228 3997 non
257 3933 441 3999 hexametro
470 3937 644 4001 absolvitur
672 3934 861 3999 constructio
889 3926 1098 4012 gramatice,

76 4045 128 4111 sed
158 4047 297 4111 duarum
327 4049 504 4133 principum
533 4051 670 4133 partium
699 4047 921 4110 enuntiationis
949 4044 1097 4105 alterutra

77 4159 108 4221 in
128 4174 329 4245 pentametro
356 4168 485 4245 ponitur
505 4178 560 4229 etit
584 4166 677 4229 etiam
698 4161 875 4249 praedicata
896 4172 926 4224 et
947 4157 1095 4225 attributa

78 4280 140 4342 sola
162 4280 383 4343 hexametrum
403 4281 543 4362 implent.
586 4282 737 4364 Exempla
763 4298 907 4363 opipouo:
