2468 4838
487 566 672 632 TlBULLl·
1001 591 1088 633 nxxv

58 743 226 805 mucuns.
267 741 369 819 Pergo
386 737 511 820 longius
532 750 563 803 ct
578 737 701 803 tertiam
715 738 851 805 formam
866 739 982 806 indico.
1023 742 1090 806 Ha·

59 861 153 922 betur
174 857 204 936 1,
224 861 257 936 3,
281 855 397 920 35-48.
417 875 531 918 aureae
554 856 661 920 aetatis
681 855 865 940 descriptio,
899 881 962 945 qua
984 872 1089 924 osten-

61 972 146 1037 ditur
174 967 325 1034 nondum
352 981 428 1032 tunc
454 968 595 1032 habendi
621 970 787 1052 cupiditate
810 973 892 1036 bella
916 974 1091 1056 longinqua

62 1101 143 1154 orta.
183 1088 233 1153 Ac
254 1099 327 1170 post
346 1087 513 1151 introitum
532 1087 596 1150 loci
617 1084 656 1151 de
676 1099 762 1152 terra
782 1100 850 1151 tum
870 1085 1012 1152 nondum
1032 1109 1090 1169 pa·

63 1206 180 1268 talanta
199 1203 237 1265 in
257 1203 367 1282 longas
388 1202 472 1280 vias,
493 1202 630 1284 primnin
653 1202 789 1268 ostendit
810 1203 938 1269 duobus
953 1202 1091 1267 distichis

63 1317 254 1382 nominutm
275 1315 432 1378 maritima
462 1314 577 1379 itinera
597 1314 741 1380 nondum
763 1317 862 1381 fuisse
883 1329 1092 1381 mercatorum

66 1453 109 1498 ex
126 1433 245 1516 ignotis
266 1432 359 1496 tennis
381 1451 501 1495 merces
521 1432 740 1515 repetentium.
783 1431 908 1496 Deinde
925 1432 994 1496 aliis
1010 1429 1092 1497 duo·

66 1551 129 1615 bus
149 1546 292 1612 distichis
313 1546 501 1611 domesticus
524 1549 691 1612 exhibetur
710 1548 794 1614 vitae
816 1559 930 1626 status,
954 1544 1013 1630 qui
1032 1565 1091 1608 nec

66 1663 263 1731 domitorum
292 1665 474 1728 animuium
501 1685 595 1729 usum
622 1678 755 1730 noverat
783 1687 841 1730 nec
862 1663 1001 1728 dominia
1024 1663 1091 1745 pri·

66 1793 143 1848 vata
159 1778 328 1845 domorum
349 1791 381 1843 et
401 1801 558 1861 agnorum.
599 1780 636 1842 In
659 1801 724 1865 quo
741 1778 830 1846 vides
851 1780 1091 1844 concinnitatem

66 1893 242 1961 diodonis.
282 1893 351 1956 Iam
370 1893 421 1956 his
441 1891 592 1974 negativis
615 1895 776 1957 sententiis
796 1893 969 1958 coniunctis
991 1913 1092 1977 oppo-

68 2012 157 2075 nitur
181 2031 248 2075 uns
275 2010 411 2093 positiva
438 2009 592 2073 sententia
619 2012 713 2075 haec:
746 2009 809 2074 Sed
836 2013 983 2075 alimenta
1005 2011 1091 2074 ultro

69 2126 287 2208 ohtingchant,
307 2136 344 2187 ut
358 2124 419 2187 illis
437 2123 584 2186 omnibus
601 2142 682 2206 opus
699 2144 764 2187 non
782 2136 872 2188 esset.
913 2124 1000 2187 llaec
1018 2144 1091 2186 sen·

69 2241 166 2304 tentis
183 2259 285 2301 unum
306 2249 428 2301 tantum
443 2235 599 2299 distichon
616 2217 732 2319 implet,
753 2258 825 2300 cum
840 2238 889 2301 vis
909 2234 1093 2319 descriptio-

70 2358 120 2420 uis
133 2354 274 2419 maxime
293 2355 327 2418 in
346 2374 383 2417 eo
403 2368 556 2433 versetur,
575 2367 611 2418 ut
626 2353 766 2439 absentia
783 2351 931 2417 landetur
946 2355 1093 2416 luxuriae

71 2480 101 2532 st
119 2469 290 2547 tumidae,
323 2468 439 2551 quobus
467 2468 570 2531 serior
599 2482 682 2533 aetas
710 2468 874 2551 premitur.
922 2470 1028 2554 Atque
1047 2469 1093 2532 ita

69 2585 195 2660 lactum,
215 2583 260 2645 ait
280 2579 417 2665 denique
436 2581 471 2642 in
493 2583 591 2653 exitu,
611 2595 648 2644 ut
670 2583 753 2643 bella
773 2601 839 2645 non
863 2593 967 2644 esseut
986 2603 1092 2665 neque

70 2697 111 2763 ad
131 2699 323 2781 longinquas
344 2708 445 2759 ternas
461 2692 648 2774 subigendas
669 2693 809 2757 habendi
829 2692 997 2774 cupiditate
1016 2715 1093 2776 pro·

70 2813 283 2881 hdaoemntur
315 2814 469 2875 homines.
519 2811 617 2874 Vides
647 2833 732 2875 nunc
765 2811 1022 2893 compositionem
1052 2813 1092 2875 ab

72 2927 158 2993 omni
177 2939 270 3010 parte
292 2928 476 2988 absolutam.
518 2924 665 3008 Denique
686 2937 785 2988 restat
803 2947 884 3009 quae
905 2938 1014 2989 catena
1034 2946 1094 3008 op·

70 3043 264 3124 positionum
285 3039 347 3104 dici
363 3052 477 3122 potest,
497 3039 555 3102 ubi
572 3061 630 3122 per
651 3042 917 3104 continuationem
935 3039 1094 3122 quandam

71 3156 173 3238 ptimo
190 3153 325 3218 disticho
341 3151 523 3232 secundum,
537 3149 710 3216 seeundum
721 3154 825 3229 tertio,
839 3153 966 3215 tertium
980 3165 1092 3236 quarto

72 3270 257 3352 opponitur.
298 3268 346 3330 Ita
367 3267 487 3330 lactum
507 3264 632 3330 credam
652 3267 855 3345 1,7,15-22.
877 3265 916 3330 de
937 3287 1001 3350 quo
1021 3265 1094 3329 vide

72 3385 351 3449 Commentarium.
391 3385 496 3447 Habet
518 3382 644 3468 quidem
666 3404 725 3467 pen
749 3404 782 3446 ae
803 3386 880 3450 haec
901 3385 1004 3446 forma
1022 3385 1095 3448 nul·

72 3501 137 3562 lnm
159 3499 276 3579 finem,
297 3497 354 3563 sed
376 3521 449 3563 eum
470 3504 644 3581 argumenti
663 3501 743 3564 ratio
766 3502 866 3565 affert.
907 3501 1012 3584 Atque
1034 3501 1093 3564 hae

73 3625 146 3677 sunt
177 3612 385 3678 distichorum
408 3613 640 3696 oppositiones3
676 3612 758 3678 dices
779 3634 857 3679 vero
878 3614 1094 3676 Tibullinnum

74 3742 173 3795 totum
192 3732 256 3795 hoc
275 3751 391 3812 genus,
412 3743 446 3794 ut
468 3731 595 3793 Tibullo
613 3731 681 3792 fere
701 3731 876 3812 proprium.
896 3760 941 3775 —
967 3729 1095 3789 Almam

73 3869 157 3926 gaus
175 3849 274 3928 vulgo
292 3859 472 3928 usurpatur,
492 3846 550 3908 ubi
569 3847 698 3909 omnino
719 3845 856 3926 partium
874 3843 1032 3906 maiorum
1047 3842 1095 3906 vi·

75 3961 144 4028 deas
165 3962 404 4047 oppositiones,
436 3964 524 4026 nulla
546 3982 624 4026 vero
645 3961 715 4024 talis
744 3958 947 4023 distichorum
968 3959 1095 4041 opposi-

75 4090 177 4145 torum
194 4079 394 4145 concinnitas
409 4079 582 4163 quaeritur.
623 4079 731 4141 Potest
749 4077 845 4158 igitur
862 4075 939 4155 fieri,
959 4088 996 4139 ut
1015 4075 1095 4139 duo-

78 4212 142 4258 rum
170 4206 229 4259 aut
258 4194 360 4257 tn'um
388 4197 575 4277 oppositorum
604 4195 729 4255 locorum
756 4197 827 4254 seris
856 4191 1010 4255 formetur
1031 4211 1096 4251 una

79 4311 228 4393 quaedum
250 4329 388 4375 nervosa
409 4325 575 4393 compages
594 4329 711 4375 rerum.
752 4309 861 4373 Veluti
888 4307 1033 4370 Tibullus
1061 4307 1096 4369 in

10 4556 13 4625 ι
