<?xml version="1.0" encoding="UTF-8"?>
<!DOCTYPE html PUBLIC "-//W3C//DTD XHTML 1.0 Transitional//EN"
    "http://www.w3.org/TR/xhtml1/DTD/xhtml1-transitional.dtd">
<html xmlns="http://www.w3.org/1999/xhtml" xml:lang="en" lang="en">
 <head>
  <title>
</title>
<meta http-equiv="Content-Type" content="text/html;charset=utf-8" />
  <meta name='ocr-system' content='tesseract 3.04.00' />
  <meta name='ocr-capabilities' content='ocr_page ocr_carea ocr_par ocr_line ocrx_word'/>
</head>
<body>
  <div class='ocr_page' id='page_1' title='image "albiitibullicar00dissgoog_0109.png"; bbox 0 0 2468 4838; ppageno 0'>
   <div class='ocr_carea' id='block_1_1' title="bbox 131 575 747 649">
    <p class='ocr_par' dir='ltr' id='par_1_1' title="bbox 131 575 747 649">
     <span class='ocr_line' id='line_1_1' title="bbox 131 575 747 649; baseline -0.008 -1"><span class='ocrx_word' id='word_1_1' title='bbox 131 606 182 649; x_wconf 83' lang='lat' dir='ltr'><strong>ctv</strong></span> <span class='ocrx_word' id='word_1_2' title='bbox 547 580 606 644; x_wconf 90' lang='lat' dir='ltr'><strong>DE</strong></span> <span class='ocrx_word' id='word_1_3' title='bbox 628 575 747 647; x_wconf 83' lang='lat' dir='ltr'>POE81</span> 
     </span>
    </p>
   </div>
   <div class='ocr_carea' id='block_1_2' title="bbox 133 747 1162 3576">
    <p class='ocr_par' dir='ltr' id='par_1_2' title="bbox 133 747 1162 3576">
     <span class='ocr_line' id='line_1_2' title="bbox 134 747 1158 837; baseline -0.003 -20"><span class='ocrx_word' id='word_1_4' title='bbox 134 756 191 834; x_wconf 85' lang='lat' dir='ltr'><strong>eit,</strong></span> <span class='ocrx_word' id='word_1_5' title='bbox 222 763 316 837; x_wconf 77' lang='lat' dir='ltr'><strong>atque</strong></span> <span class='ocrx_word' id='word_1_6' title='bbox 340 754 418 816; x_wconf 81' lang='lat' dir='ltr'><strong>haec</strong></span> <span class='ocrx_word' id='word_1_7' title='bbox 439 753 540 817; x_wconf 83' lang='lat' dir='ltr'><strong>iorma</strong></span> <span class='ocrx_word' id='word_1_8' title='bbox 567 762 616 816; x_wconf 86' lang='lat' dir='ltr'><strong>ter</strong></span> <span class='ocrx_word' id='word_1_9' title='bbox 638 748 730 814; x_wconf 89' lang='lat' dir='ltr'><strong>redit.</strong></span> <span class='ocrx_word' id='word_1_10' title='bbox 778 747 877 830; x_wconf 85' lang='lat' dir='ltr'><strong>Igitur</strong></span> <span class='ocrx_word' id='word_1_11' title='bbox 896 747 1033 831; x_wconf 87' lang='lat' dir='ltr'><strong>primum</strong></span> <span class='ocrx_word' id='word_1_12' title='bbox 1055 748 1158 814; x_wconf 81' lang='lat' dir='ltr'><strong>atatim</strong></span> 
     </span>
     <span class='ocr_line' id='line_1_3' title="bbox 135 863 1159 948; baseline -0.002 -18"><span class='ocrx_word' id='word_1_13' title='bbox 135 869 170 930; x_wconf 91' lang='lat' dir='ltr'><strong>in</strong></span> <span class='ocrx_word' id='word_1_14' title='bbox 198 864 330 932; x_wconf 86' lang='lat' dir='ltr'><strong>exordio</strong></span> <span class='ocrx_word' id='word_1_15' title='bbox 358 866 496 948; x_wconf 82' lang='lat' dir='ltr'>erumpit</span> <span class='ocrx_word' id='word_1_16' title='bbox 522 865 697 945; x_wconf 88' lang='lat' dir='ltr'><strong>obiurgatio</strong></span> <span class='ocrx_word' id='word_1_17' title='bbox 725 863 858 946; x_wconf 86' lang='lat' dir='ltr'><strong>periurii</strong></span> <span class='ocrx_word' id='word_1_18' title='bbox 885 863 1042 948; x_wconf 70' lang='lat' dir='ltr'><strong>simulque</strong></span> <span class='ocrx_word' id='word_1_19' title='bbox 1065 886 1159 948; x_wconf 84' lang='lat' dir='ltr'><strong>prae·</strong></span> 
     </span>
     <span class='ocr_line' id='line_1_4' title="bbox 137 976 1158 1062; baseline -0.005 -15"><span class='ocrx_word' id='word_1_20' title='bbox 137 983 251 1046; x_wconf 88' lang='lat' dir='ltr'><strong>dicitur</strong></span> <span class='ocrx_word' id='word_1_21' title='bbox 273 982 352 1044; x_wconf 83' lang='lat' dir='ltr'><strong>ultio</strong></span> <span class='ocrx_word' id='word_1_22' title='bbox 381 977 531 1057; x_wconf 87' lang='lat' dir='ltr'><strong>deorum,</strong></span> <span class='ocrx_word' id='word_1_23' title='bbox 559 979 656 1040; x_wconf 92' lang='lat' dir='ltr'><strong>immo</strong></span> <span class='ocrx_word' id='word_1_24' title='bbox 677 978 740 1040; x_wconf 89' lang='lat' dir='ltr'><strong>iam</strong></span> <span class='ocrx_word' id='word_1_25' title='bbox 764 976 1057 1042; x_wconf 86' lang='lat' dir='ltr'><strong>nunchuiaamodi</strong></span> <span class='ocrx_word' id='word_1_26' title='bbox 1081 978 1158 1062; x_wconf 85' lang='lat' dir='ltr'><strong>quid</strong></span> 
     </span>
     <span class='ocr_line' id='line_1_5' title="bbox 135 1088 1158 1161; baseline -0.006 -1"><span class='ocrx_word' id='word_1_27' title='bbox 135 1097 254 1161; x_wconf 86' lang='lat' dir='ltr'><strong>inetare</strong></span> <span class='ocrx_word' id='word_1_28' title='bbox 275 1094 423 1159; x_wconf 85' lang='lat' dir='ltr'><strong>creditur.</strong></span> <span class='ocrx_word' id='word_1_29' title='bbox 464 1093 548 1154; x_wconf 91' lang='lat' dir='ltr'><strong>Tum</strong></span> <span class='ocrx_word' id='word_1_30' title='bbox 567 1090 602 1152; x_wconf 89' lang='lat' dir='ltr'><strong>in</strong></span> <span class='ocrx_word' id='word_1_31' title='bbox 620 1088 724 1153; x_wconf 88' lang='lat' dir='ltr'><strong>medio</strong></span> <span class='ocrx_word' id='word_1_32' title='bbox 743 1091 880 1152; x_wconf 80' lang='lat' dir='ltr'><strong>carmine</strong></span> <span class='ocrx_word' id='word_1_33' title='bbox 896 1091 990 1153; x_wconf 83' lang='lat' dir='ltr'><strong>latino</strong></span> <span class='ocrx_word' id='word_1_34' title='bbox 1009 1104 1039 1152; x_wconf 90' lang='lat' dir='ltr'><strong>et</strong></span> <span class='ocrx_word' id='word_1_35' title='bbox 1057 1091 1158 1154; x_wconf 79' lang='lat' dir='ltr'><strong>sueino</strong></span> 
     </span>
     <span class='ocr_line' id='line_1_6' title="bbox 136 1204 1160 1290; baseline -0.005 -15"><span class='ocrx_word' id='word_1_36' title='bbox 136 1223 286 1275; x_wconf 85' lang='lat' dir='ltr'><strong>tractatur</strong></span> <span class='ocrx_word' id='word_1_37' title='bbox 309 1221 541 1290; x_wconf 82' lang='lat' dir='ltr'><strong>argumentum,</strong></span> <span class='ocrx_word' id='word_1_38' title='bbox 569 1218 725 1269; x_wconf 78' lang='lat' dir='ltr'>crescente</span> <span class='ocrx_word' id='word_1_39' title='bbox 744 1206 933 1269; x_wconf 74' lang='lat' dir='ltr'>verbositate</span> <span class='ocrx_word' id='word_1_40' title='bbox 954 1204 1097 1281; x_wconf 78' lang='lat' dir='ltr'><strong>affectae,</strong></span> <span class='ocrx_word' id='word_1_41' title='bbox 1124 1218 1160 1270; x_wconf 85' lang='lat' dir='ltr'><strong>ut</strong></span> 
     </span>
     <span class='ocr_line' id='line_1_7' title="bbox 136 1321 1159 1406; baseline -0.002 -19"><span class='ocrx_word' id='word_1_42' title='bbox 136 1324 188 1401; x_wconf 78' lang='lat' dir='ltr'><strong>fit,</strong></span> <span class='ocrx_word' id='word_1_43' title='bbox 217 1323 252 1385; x_wconf 89' lang='lat' dir='ltr'><strong>in</strong></span> <span class='ocrx_word' id='word_1_44' title='bbox 276 1343 445 1406; x_wconf 84' lang='lat' dir='ltr'><strong>progreeeu</strong></span> <span class='ocrx_word' id='word_1_45' title='bbox 470 1323 626 1386; x_wconf 73' lang='lat' dir='ltr'><strong>carminis.</strong></span> <span class='ocrx_word' id='word_1_46' title='bbox 674 1322 815 1403; x_wconf 84' lang='lat' dir='ltr'><strong>Exponit</strong></span> <span class='ocrx_word' id='word_1_47' title='bbox 838 1321 933 1401; x_wconf 87' lang='lat' dir='ltr'><strong>igitur</strong></span> <span class='ocrx_word' id='word_1_48' title='bbox 956 1342 1042 1384; x_wconf 91' lang='lat' dir='ltr'><strong>nunc</strong></span> <span class='ocrx_word' id='word_1_49' title='bbox 1065 1334 1159 1404; x_wconf 85' lang='lat' dir='ltr'><strong>pocta</strong></span> 
     </span>
     <span class='ocr_line' id='line_1_8' title="bbox 137 1434 1161 1518; baseline -0.001 -18"><span class='ocrx_word' id='word_1_50' title='bbox 137 1437 354 1517; x_wconf 86' lang='lat' dir='ltr'><strong>obiurgatione</strong></span> <span class='ocrx_word' id='word_1_51' title='bbox 374 1436 539 1514; x_wconf 81' lang='lat' dir='ltr'><strong>uberiore,</strong></span> <span class='ocrx_word' id='word_1_52' title='bbox 562 1435 721 1498; x_wconf 88' lang='lat' dir='ltr'><strong>uberrima</strong></span> <span class='ocrx_word' id='word_1_53' title='bbox 742 1455 869 1497; x_wconf 89' lang='lat' dir='ltr'><strong>emnem</strong></span> <span class='ocrx_word' id='word_1_54' title='bbox 889 1434 1037 1498; x_wconf 79' lang='lat' dir='ltr'><strong>miuriam</strong></span> <span class='ocrx_word' id='word_1_55' title='bbox 1058 1435 1161 1518; x_wconf 86' lang='lat' dir='ltr'><strong>pueri,</strong></span> 
     </span>
     <span class='ocr_line' id='line_1_9' title="bbox 137 1550 1161 1634; baseline 0.002 -20"><span class='ocrx_word' id='word_1_56' title='bbox 137 1563 168 1614; x_wconf 90' lang='lat' dir='ltr'><strong>et</strong></span> <span class='ocrx_word' id='word_1_57' title='bbox 183 1563 255 1633; x_wconf 85' lang='lat' dir='ltr'><strong>poet</strong></span> <span class='ocrx_word' id='word_1_58' title='bbox 269 1553 350 1615; x_wconf 87' lang='lat' dir='ltr'><strong>hanc</strong></span> <span class='ocrx_word' id='word_1_59' title='bbox 366 1551 459 1613; x_wconf 89' lang='lat' dir='ltr'><strong>etiam</strong></span> <span class='ocrx_word' id='word_1_60' title='bbox 477 1572 599 1634; x_wconf 89' lang='lat' dir='ltr'><strong>poenae</strong></span> <span class='ocrx_word' id='word_1_61' title='bbox 614 1550 883 1614; x_wconf 77' lang='lat' dir='ltr'><strong>denuntiationem</strong></span> <span class='ocrx_word' id='word_1_62' title='bbox 899 1550 1023 1614; x_wconf 72' lang='lat' dir='ltr'><strong>subiicit</strong></span> <span class='ocrx_word' id='word_1_63' title='bbox 1037 1551 1161 1628; x_wconf 74' lang='lat' dir='ltr'><strong>iterum,</strong></span> 
     </span>
     <span class='ocr_line' id='line_1_10' title="bbox 136 1663 1160 1748; baseline -0.002 -21"><span class='ocrx_word' id='word_1_64' title='bbox 136 1677 263 1748; x_wconf 86' lang='lat' dir='ltr'><strong>praeter</strong></span> <span class='ocrx_word' id='word_1_65' title='bbox 282 1686 417 1748; x_wconf 89' lang='lat' dir='ltr'><strong>puerum</strong></span> <span class='ocrx_word' id='word_1_66' title='bbox 437 1664 590 1747; x_wconf 72' lang='lat' dir='ltr'><strong>imprimis</strong></span> <span class='ocrx_word' id='word_1_67' title='bbox 613 1676 830 1747; x_wconf 66' lang='lat' dir='ltr'><strong>corruptorem</strong></span> <span class='ocrx_word' id='word_1_68' title='bbox 850 1663 1031 1745; x_wconf 60' lang='lat' dir='ltr'><strong>moduine</strong></span> <span class='ocrx_word' id='word_1_69' title='bbox 1053 1663 1160 1744; x_wconf 83' lang='lat' dir='ltr'><strong>exagi-</strong></span> 
     </span>
     <span class='ocr_line' id='line_1_11' title="bbox 135 1750 1160 1860; baseline 0.002 -20"><span class='ocrx_word' id='word_1_70' title='bbox 135 1790 217 1842; x_wconf 87' lang='lat' dir='ltr'><strong>tane.</strong></span> <span class='ocrx_word' id='word_1_71' title='bbox 257 1750 422 1844; x_wconf 49' lang='lat' dir='ltr'><strong>P&#39;oetremo</strong></span> <span class='ocrx_word' id='word_1_72' title='bbox 441 1782 475 1841; x_wconf 92' lang='lat' dir='ltr'><strong>in</strong></span> <span class='ocrx_word' id='word_1_73' title='bbox 495 1780 582 1842; x_wconf 86' lang='lat' dir='ltr'><strong>exitu</strong></span> <span class='ocrx_word' id='word_1_74' title='bbox 598 1779 727 1841; x_wconf 86' lang='lat' dir='ltr'><strong>tertium</strong></span> <span class='ocrx_word' id='word_1_75' title='bbox 744 1790 868 1841; x_wconf 77' lang='lat' dir='ltr'><strong>accurat</strong></span> <span class='ocrx_word' id='word_1_76' title='bbox 884 1798 1030 1860; x_wconf 88' lang='lat' dir='ltr'><strong>puerum,</strong></span> <span class='ocrx_word' id='word_1_77' title='bbox 1051 1778 1160 1842; x_wconf 81' lang='lat' dir='ltr'><strong>obiur-</strong></span> 
     </span>
     <span class='ocr_line' id='line_1_12' title="bbox 136 1891 1160 1978; baseline -0.003 -20"><span class='ocrx_word' id='word_1_78' title='bbox 136 1914 213 1974; x_wconf 89' lang='lat' dir='ltr'><strong>gana</strong></span> <span class='ocrx_word' id='word_1_79' title='bbox 236 1893 323 1978; x_wconf 91' lang='lat' dir='ltr'><strong>quod</strong></span> <span class='ocrx_word' id='word_1_80' title='bbox 345 1894 519 1976; x_wconf 85' lang='lat' dir='ltr'><strong>decrepitae</strong></span> <span class='ocrx_word' id='word_1_81' title='bbox 539 1917 637 1960; x_wconf 76' lang='lat' dir='ltr'><strong>senex</strong></span> <span class='ocrx_word' id='word_1_82' title='bbox 660 1896 699 1957; x_wconf 87' lang='lat' dir='ltr'><strong>ait</strong></span> <span class='ocrx_word' id='word_1_83' title='bbox 722 1907 859 1972; x_wconf 86' lang='lat' dir='ltr'><strong>amator,</strong></span> <span class='ocrx_word' id='word_1_84' title='bbox 885 1907 980 1978; x_wconf 87' lang='lat' dir='ltr'><strong>atque</strong></span> <span class='ocrx_word' id='word_1_85' title='bbox 1004 1891 1160 1957; x_wconf 83' lang='lat' dir='ltr'><strong>etiamad</strong></span> 
     </span>
     <span class='ocr_line' id='line_1_13' title="bbox 136 2005 1161 2089; baseline -0.003 -18"><span class='ocrx_word' id='word_1_86' title='bbox 136 2028 258 2089; x_wconf 87' lang='lat' dir='ltr'><strong>poenae</strong></span> <span class='ocrx_word' id='word_1_87' title='bbox 283 2006 550 2072; x_wconf 85' lang='lat' dir='ltr'><strong>denuntiationem</strong></span> <span class='ocrx_word' id='word_1_88' title='bbox 572 2028 718 2072; x_wconf 79' lang='lat' dir='ltr'><strong>revareue</strong></span> <span class='ocrx_word' id='word_1_89' title='bbox 742 2006 828 2070; x_wconf 85' lang='lat' dir='ltr'><strong>addit</strong></span> <span class='ocrx_word' id='word_1_90' title='bbox 850 2009 970 2070; x_wconf 80' lang='lat' dir='ltr'><strong>trierem</strong></span> <span class='ocrx_word' id='word_1_91' title='bbox 992 2005 1161 2089; x_wconf 83' lang='lat' dir='ltr'><strong>poeniten·</strong></span> 
     </span>
     <span class='ocr_line' id='line_1_14' title="bbox 136 2121 1159 2208; baseline -0.001 -21"><span class='ocrx_word' id='word_1_92' title='bbox 136 2125 212 2187; x_wconf 88' lang='lat' dir='ltr'><strong>tiam</strong></span> <span class='ocrx_word' id='word_1_93' title='bbox 237 2126 267 2186; x_wconf 91' lang='lat' dir='ltr'><strong>ei</strong></span> <span class='ocrx_word' id='word_1_94' title='bbox 294 2125 444 2187; x_wconf 81' lang='lat' dir='ltr'><strong>futuram.</strong></span> <span class='ocrx_word' id='word_1_95' title='bbox 493 2127 597 2208; x_wconf 85' lang='lat' dir='ltr'><strong>Atque</strong></span> <span class='ocrx_word' id='word_1_96' title='bbox 623 2126 667 2186; x_wconf 91' lang='lat' dir='ltr'><strong>ita</strong></span> <span class='ocrx_word' id='word_1_97' title='bbox 688 2122 776 2187; x_wconf 85' lang='lat' dir='ltr'><strong>videa</strong></span> <span class='ocrx_word' id='word_1_98' title='bbox 801 2122 888 2208; x_wconf 91' lang='lat' dir='ltr'><strong>quod</strong></span> <span class='ocrx_word' id='word_1_99' title='bbox 915 2121 998 2202; x_wconf 85' lang='lat' dir='ltr'><strong>dixi,</strong></span> <span class='ocrx_word' id='word_1_100' title='bbox 1023 2125 1159 2187; x_wconf 79' lang='lat' dir='ltr'><strong>formam</strong></span> 
     </span>
     <span class='ocr_line' id='line_1_15' title="bbox 137 2236 1159 2323; baseline 0.005 -25"><span class='ocrx_word' id='word_1_101' title='bbox 137 2239 314 2318; x_wconf 88' lang='lat' dir='ltr'><strong>argumenti</strong></span> <span class='ocrx_word' id='word_1_102' title='bbox 341 2236 473 2303; x_wconf 88' lang='lat' dir='ltr'><strong>eandem</strong></span> <span class='ocrx_word' id='word_1_103' title='bbox 502 2242 640 2303; x_wconf 84' lang='lat' dir='ltr'><strong>euaviter</strong></span> <span class='ocrx_word' id='word_1_104' title='bbox 667 2251 717 2303; x_wconf 91' lang='lat' dir='ltr'><strong>ter</strong></span> <span class='ocrx_word' id='word_1_105' title='bbox 746 2238 929 2322; x_wconf 79' lang='lat' dir='ltr'><strong>repetitam,</strong></span> <span class='ocrx_word' id='word_1_106' title='bbox 958 2240 1003 2302; x_wconf 84' lang='lat' dir='ltr'><strong>ita</strong></span> <span class='ocrx_word' id='word_1_107' title='bbox 1030 2237 1159 2323; x_wconf 83' lang='lat' dir='ltr'><strong>quidem</strong></span> 
     </span>
     <span class='ocr_line' id='line_1_16' title="bbox 136 2350 1161 2433; baseline 0.004 -23"><span class='ocrx_word' id='word_1_108' title='bbox 136 2362 172 2412; x_wconf 89' lang='lat' dir='ltr'><strong>ut</strong></span> <span class='ocrx_word' id='word_1_109' title='bbox 200 2350 339 2415; x_wconf 82' lang='lat' dir='ltr'><strong>vividum</strong></span> <span class='ocrx_word' id='word_1_110' title='bbox 370 2354 534 2415; x_wconf 87' lang='lat' dir='ltr'><strong>introitum</strong></span> <span class='ocrx_word' id='word_1_111' title='bbox 561 2350 708 2415; x_wconf 80' lang='lat' dir='ltr'><strong>disertior</strong></span> <span class='ocrx_word' id='word_1_112' title='bbox 738 2364 770 2414; x_wconf 90' lang='lat' dir='ltr'><strong>et</strong></span> <span class='ocrx_word' id='word_1_113' title='bbox 800 2355 926 2433; x_wconf 82' lang='lat' dir='ltr'><strong>gravior</strong></span> <span class='ocrx_word' id='word_1_114' title='bbox 953 2352 1097 2415; x_wconf 86' lang='lat' dir='ltr'><strong>tractatio</strong></span> <span class='ocrx_word' id='word_1_115' title='bbox 1125 2352 1161 2414; x_wconf 92' lang='lat' dir='ltr'><strong>in</strong></span> 
     </span>
     <span class='ocr_line' id='line_1_17' title="bbox 136 2464 1162 2548; baseline 0.002 -22"><span class='ocrx_word' id='word_1_116' title='bbox 136 2464 240 2528; x_wconf 89' lang='lat' dir='ltr'><strong>medio</strong></span> <span class='ocrx_word' id='word_1_117' title='bbox 271 2467 408 2527; x_wconf 80' lang='lat' dir='ltr'><strong>carmine</strong></span> <span class='ocrx_word' id='word_1_118' title='bbox 438 2464 604 2548; x_wconf 81' lang='lat' dir='ltr'><strong>aequatur,</strong></span> <span class='ocrx_word' id='word_1_119' title='bbox 638 2464 775 2548; x_wconf 85' lang='lat' dir='ltr'><strong>danique</strong></span> <span class='ocrx_word' id='word_1_120' title='bbox 806 2468 900 2528; x_wconf 88' lang='lat' dir='ltr'><strong>ctiam</strong></span> <span class='ocrx_word' id='word_1_121' title='bbox 929 2465 1033 2528; x_wconf 83' lang='lat' dir='ltr'><strong>exitue</strong></span> <span class='ocrx_word' id='word_1_122' title='bbox 1064 2464 1162 2529; x_wconf 86' lang='lat' dir='ltr'><strong>addat</strong></span> 
     </span>
     <span class='ocr_line' id='line_1_18' title="bbox 138 2577 1160 2662; baseline 0.004 -23"><span class='ocrx_word' id='word_1_123' title='bbox 138 2600 219 2661; x_wconf 86' lang='lat' dir='ltr'><strong>quae</strong></span> <span class='ocrx_word' id='word_1_124' title='bbox 240 2590 397 2660; x_wconf 88' lang='lat' dir='ltr'><strong>pungant,</strong></span> <span class='ocrx_word' id='word_1_125' title='bbox 421 2600 479 2642; x_wconf 91' lang='lat' dir='ltr'><strong>nec</strong></span> <span class='ocrx_word' id='word_1_126' title='bbox 497 2578 669 2662; x_wconf 87' lang='lat' dir='ltr'><strong>quidquam</strong></span> <span class='ocrx_word' id='word_1_127' title='bbox 688 2577 773 2640; x_wconf 82' lang='lat' dir='ltr'><strong>dicae</strong></span> <span class='ocrx_word' id='word_1_128' title='bbox 791 2579 893 2661; x_wconf 78' lang='lat' dir='ltr'><strong>aptiae</strong></span> <span class='ocrx_word' id='word_1_129' title='bbox 908 2580 943 2641; x_wconf 92' lang='lat' dir='ltr'><strong>in</strong></span> <span class='ocrx_word' id='word_1_130' title='bbox 959 2581 1015 2642; x_wconf 82' lang='lat' dir='ltr'><strong>tali</strong></span> <span class='ocrx_word' id='word_1_131' title='bbox 1033 2579 1160 2643; x_wconf 79' lang='lat' dir='ltr'><strong>affectu.</strong></span> 
     </span>
     <span class='ocr_line' id='line_1_19' title="bbox 134 2693 1161 2776; baseline 0 -19"><span class='ocrx_word' id='word_1_132' title='bbox 134 2694 236 2757; x_wconf 80' lang='lat' dir='ltr'><strong>Simul</strong></span> <span class='ocrx_word' id='word_1_133' title='bbox 266 2695 447 2758; x_wconf 72' lang='lat' dir='ltr'><strong>variationis</strong></span> <span class='ocrx_word' id='word_1_134' title='bbox 475 2693 561 2758; x_wconf 87' lang='lat' dir='ltr'><strong>adeat</strong></span> <span class='ocrx_word' id='word_1_135' title='bbox 590 2696 761 2776; x_wconf 85' lang='lat' dir='ltr'><strong>plurimum</strong></span> <span class='ocrx_word' id='word_1_136' title='bbox 788 2695 824 2757; x_wconf 94' lang='lat' dir='ltr'><strong>in</strong></span> <span class='ocrx_word' id='word_1_137' title='bbox 850 2694 980 2774; x_wconf 75' lang='lat' dir='ltr'><strong>cingulis</strong></span> <span class='ocrx_word' id='word_1_138' title='bbox 1006 2695 1161 2776; x_wconf 84' lang='lat' dir='ltr'><strong>partibua,</strong></span> 
     </span>
     <span class='ocr_line' id='line_1_20' title="bbox 135 2806 1159 2892; baseline 0 -22"><span class='ocrx_word' id='word_1_139' title='bbox 135 2829 176 2870; x_wconf 90' lang='lat' dir='ltr'><strong>ne</strong></span> <span class='ocrx_word' id='word_1_140' title='bbox 194 2809 265 2892; x_wconf 82' lang='lat' dir='ltr'><strong>quic</strong></span> <span class='ocrx_word' id='word_1_141' title='bbox 282 2806 388 2873; x_wconf 86' lang='lat' dir='ltr'><strong>credat</strong></span> <span class='ocrx_word' id='word_1_142' title='bbox 406 2820 509 2871; x_wconf 90' lang='lat' dir='ltr'><strong>cetera</strong></span> <span class='ocrx_word' id='word_1_143' title='bbox 528 2809 633 2870; x_wconf 90' lang='lat' dir='ltr'><strong>omnia</strong></span> <span class='ocrx_word' id='word_1_144' title='bbox 649 2807 830 2870; x_wconf 82' lang='lat' dir='ltr'><strong>uniformia.</strong></span> <span class='ocrx_word' id='word_1_145' title='bbox 869 2806 952 2869; x_wconf 89' lang='lat' dir='ltr'><strong>Nam</strong></span> <span class='ocrx_word' id='word_1_146' title='bbox 969 2806 1003 2867; x_wconf 92' lang='lat' dir='ltr'><strong>in</strong></span> <span class='ocrx_word' id='word_1_147' title='bbox 1023 2806 1159 2870; x_wconf 82' lang='lat' dir='ltr'><strong>exordio</strong></span> 
     </span>
     <span class='ocr_line' id='line_1_21' title="bbox 135 2919 1160 3006; baseline 0.006 -25"><span class='ocrx_word' id='word_1_148' title='bbox 135 2919 262 3003; x_wconf 88' lang='lat' dir='ltr'><strong>quidem</strong></span> <span class='ocrx_word' id='word_1_149' title='bbox 281 2923 385 3002; x_wconf 87' lang='lat' dir='ltr'><strong>placet</strong></span> <span class='ocrx_word' id='word_1_150' title='bbox 407 2923 539 2986; x_wconf 86' lang='lat' dir='ltr'><strong>mutatio</strong></span> <span class='ocrx_word' id='word_1_151' title='bbox 560 2924 729 2988; x_wconf 77' lang='lat' dir='ltr'><strong>sententiae</strong></span> <span class='ocrx_word' id='word_1_152' title='bbox 749 2936 781 2986; x_wconf 89' lang='lat' dir='ltr'><strong>et</strong></span> <span class='ocrx_word' id='word_1_153' title='bbox 800 2919 887 3006; x_wconf 85' lang='lat' dir='ltr'><strong>quod</strong></span> <span class='ocrx_word' id='word_1_154' title='bbox 910 2922 994 2985; x_wconf 86' lang='lat' dir='ltr'><strong>lenia</strong></span> <span class='ocrx_word' id='word_1_155' title='bbox 1014 2921 1160 2987; x_wconf 79' lang='lat' dir='ltr'><strong>immixta</strong></span> 
     </span>
     <span class='ocr_line' id='line_1_22' title="bbox 135 3032 1162 3118; baseline 0.003 -22"><span class='ocrx_word' id='word_1_156' title='bbox 135 3032 335 3112; x_wconf 81' lang='lat' dir='ltr'><strong>durioribus,</strong></span> <span class='ocrx_word' id='word_1_157' title='bbox 376 3049 470 3118; x_wconf 85' lang='lat' dir='ltr'><strong>poeta</strong></span> <span class='ocrx_word' id='word_1_158' title='bbox 499 3059 519 3099; x_wconf 94' lang='lat' dir='ltr'><strong>a</strong></span> <span class='ocrx_word' id='word_1_159' title='bbox 546 3039 640 3101; x_wconf 82' lang='lat' dir='ltr'><strong>minio</strong></span> <span class='ocrx_word' id='word_1_160' title='bbox 670 3036 712 3100; x_wconf 89' lang='lat' dir='ltr'><strong>ad</strong></span> <span class='ocrx_word' id='word_1_161' title='bbox 740 3034 974 3101; x_wconf 72' lang='lat' dir='ltr'><strong>excusationem</strong></span> <span class='ocrx_word' id='word_1_162' title='bbox 1004 3034 1101 3118; x_wconf 84' lang='lat' dir='ltr'><strong>pueri</strong></span> <span class='ocrx_word' id='word_1_163' title='bbox 1129 3047 1162 3099; x_wconf 82' lang='lat' dir='ltr'><strong>ct</strong></span> 
     </span>
     <span class='ocr_line' id='line_1_23' title="bbox 134 3145 1160 3233; baseline 0.007 -25"><span class='ocrx_word' id='word_1_164' title='bbox 134 3145 384 3229; x_wconf 88' lang='lat' dir='ltr'><strong>deprecationem</strong></span> <span class='ocrx_word' id='word_1_165' title='bbox 405 3170 526 3231; x_wconf 88' lang='lat' dir='ltr'><strong>poenae</strong></span> <span class='ocrx_word' id='word_1_166' title='bbox 547 3163 710 3233; x_wconf 81' lang='lat' dir='ltr'><strong>pergente,</strong></span> <span class='ocrx_word' id='word_1_167' title='bbox 730 3162 799 3214; x_wconf 88' lang='lat' dir='ltr'><strong>tum</strong></span> <span class='ocrx_word' id='word_1_168' title='bbox 819 3170 896 3214; x_wconf 82' lang='lat' dir='ltr'><strong>vero</strong></span> <span class='ocrx_word' id='word_1_169' title='bbox 915 3149 956 3212; x_wconf 88' lang='lat' dir='ltr'><strong>ad</strong></span> <span class='ocrx_word' id='word_1_170' title='bbox 975 3150 1057 3212; x_wconf 88' lang='lat' dir='ltr'><strong>iram</strong></span> <span class='ocrx_word' id='word_1_171' title='bbox 1076 3152 1160 3215; x_wconf 77' lang='lat' dir='ltr'><strong>rata·</strong></span> 
     </span>
     <span class='ocr_line' id='line_1_24' title="bbox 134 3262 1160 3349; baseline 0.006 -25"><span class='ocrx_word' id='word_1_172' title='bbox 134 3264 237 3327; x_wconf 89' lang='lat' dir='ltr'><strong>bente.</strong></span> <span class='ocrx_word' id='word_1_173' title='bbox 290 3263 328 3325; x_wconf 91' lang='lat' dir='ltr'><strong>In</strong></span> <span class='ocrx_word' id='word_1_174' title='bbox 358 3262 462 3328; x_wconf 90' lang='lat' dir='ltr'><strong>medio</strong></span> <span class='ocrx_word' id='word_1_175' title='bbox 494 3278 598 3328; x_wconf 90' lang='lat' dir='ltr'><strong>autem</strong></span> <span class='ocrx_word' id='word_1_176' title='bbox 628 3267 764 3327; x_wconf 87' lang='lat' dir='ltr'><strong>carmine</strong></span> <span class='ocrx_word' id='word_1_177' title='bbox 793 3286 905 3346; x_wconf 88' lang='lat' dir='ltr'><strong>magna</strong></span> <span class='ocrx_word' id='word_1_178' title='bbox 929 3266 1021 3349; x_wconf 87' lang='lat' dir='ltr'><strong>copia</strong></span> <span class='ocrx_word' id='word_1_179' title='bbox 1050 3286 1160 3330; x_wconf 86' lang='lat' dir='ltr'><strong>rerum</strong></span> 
     </span>
     <span class='ocr_line' id='line_1_25' title="bbox 133 3379 1159 3459; baseline 0.004 -18"><span class='ocrx_word' id='word_1_180' title='bbox 133 3379 337 3459; x_wconf 83' lang='lat' dir='ltr'><strong>conspicitur,</strong></span> <span class='ocrx_word' id='word_1_181' title='bbox 360 3379 531 3441; x_wconf 84' lang='lat' dir='ltr'><strong>secundum</strong></span> <span class='ocrx_word' id='word_1_182' title='bbox 550 3379 763 3459; x_wconf 85' lang='lat' dir='ltr'><strong>gradationem</strong></span> <span class='ocrx_word' id='word_1_183' title='bbox 782 3379 946 3459; x_wconf 87' lang='lat' dir='ltr'><strong>adornata,</strong></span> <span class='ocrx_word' id='word_1_184' title='bbox 967 3382 1056 3444; x_wconf 84' lang='lat' dir='ltr'><strong>cuiue</strong></span> <span class='ocrx_word' id='word_1_185' title='bbox 1073 3400 1159 3445; x_wconf 87' lang='lat' dir='ltr'><strong>com·</strong></span> 
     </span>
     <span class='ocr_line' id='line_1_26' title="bbox 133 3492 1162 3576; baseline 0.004 -23"><span class='ocrx_word' id='word_1_186' title='bbox 133 3492 320 3573; x_wconf 82' lang='lat' dir='ltr'><strong>positionem</strong></span> <span class='ocrx_word' id='word_1_187' title='bbox 342 3512 439 3572; x_wconf 79' lang='lat' dir='ltr'><strong>supra</strong></span> <span class='ocrx_word' id='word_1_188' title='bbox 463 3495 600 3573; x_wconf 82' lang='lat' dir='ltr'><strong>explicui</strong></span> <span class='ocrx_word' id='word_1_189' title='bbox 624 3494 658 3554; x_wconf 92' lang='lat' dir='ltr'><strong>in</strong></span> <span class='ocrx_word' id='word_1_190' title='bbox 679 3492 890 3576; x_wconf 77' lang='lat' dir='ltr'><strong>disputatione</strong></span> <span class='ocrx_word' id='word_1_191' title='bbox 911 3493 950 3556; x_wconf 92' lang='lat' dir='ltr'><strong>de</strong></span> <span class='ocrx_word' id='word_1_192' title='bbox 974 3492 1162 3576; x_wconf 84' lang='lat' dir='ltr'><strong>deacriptio·</strong></span> 
     </span>
    </p>
   </div>
   <div class='ocr_carea' id='block_1_3' title="bbox 130 3604 1162 4036">
    <p class='ocr_par' dir='ltr' id='par_1_3' title="bbox 130 3604 1162 4036">
     <span class='ocr_line' id='line_1_27' title="bbox 132 3604 1161 3694; baseline 0.005 -26"><span class='ocrx_word' id='word_1_193' title='bbox 132 3608 236 3669; x_wconf 81' lang='lat' dir='ltr'><strong>nibus.</strong></span> <span class='ocrx_word' id='word_1_194' title='bbox 284 3607 397 3669; x_wconf 84' lang='lat' dir='ltr'><strong>Exitue</strong></span> <span class='ocrx_word' id='word_1_195' title='bbox 419 3604 554 3691; x_wconf 73' lang='lat' dir='ltr'><strong>dariique</strong></span> <span class='ocrx_word' id='word_1_196' title='bbox 582 3611 674 3671; x_wconf 88' lang='lat' dir='ltr'><strong>etiam</strong></span> <span class='ocrx_word' id='word_1_197' title='bbox 698 3613 836 3694; x_wconf 86' lang='lat' dir='ltr'><strong>quietem</strong></span> <span class='ocrx_word' id='word_1_198' title='bbox 860 3612 967 3686; x_wconf 84' lang='lat' dir='ltr'><strong>affert,</strong></span> <span class='ocrx_word' id='word_1_199' title='bbox 997 3621 1035 3673; x_wconf 89' lang='lat' dir='ltr'><strong>nt</strong></span> <span class='ocrx_word' id='word_1_200' title='bbox 1056 3608 1161 3690; x_wconf 84' lang='lat' dir='ltr'><strong>debet,</strong></span> 
     </span>
     <span class='ocr_line' id='line_1_28' title="bbox 131 3708 1162 3806; baseline -0.001 -20"><span class='ocrx_word' id='word_1_201' title='bbox 131 3723 165 3786; x_wconf 88' lang='lat' dir='ltr'><strong>in</strong></span> <span class='ocrx_word' id='word_1_202' title='bbox 184 3722 295 3783; x_wconf 88' lang='lat' dir='ltr'><strong>ultimo</strong></span> <span class='ocrx_word' id='word_1_203' title='bbox 317 3718 468 3801; x_wconf 79' lang='lat' dir='ltr'><strong>distich03</strong></span> <span class='ocrx_word' id='word_1_204' title='bbox 490 3708 562 3783; x_wconf 88' lang='lat' dir='ltr'><strong>nam</strong></span> <span class='ocrx_word' id='word_1_205' title='bbox 580 3722 894 3806; x_wconf 63' lang='lat' dir='ltr'><strong>requieecit‘tandem</strong></span> <span class='ocrx_word' id='word_1_206' title='bbox 910 3735 1005 3805; x_wconf 83' lang='lat' dir='ltr'><strong>poeta</strong></span> <span class='ocrx_word' id='word_1_207' title='bbox 1023 3723 1061 3785; x_wconf 90' lang='lat' dir='ltr'><strong>in</strong></span> <span class='ocrx_word' id='word_1_208' title='bbox 1076 3725 1162 3805; x_wconf 86' lang='lat' dir='ltr'><strong>cogi·</strong></span> 
     </span>
     <span class='ocr_line' id='line_1_29' title="bbox 130 3837 1159 3920; baseline 0.005 -23"><span class='ocrx_word' id='word_1_209' title='bbox 130 3837 250 3899; x_wconf 85' lang='lat' dir='ltr'><strong>tatione</strong></span> <span class='ocrx_word' id='word_1_210' title='bbox 284 3837 413 3914; x_wconf 81' lang='lat' dir='ltr'><strong>ealutia,</strong></span> <span class='ocrx_word' id='word_1_211' title='bbox 450 3839 607 3901; x_wconf 83' lang='lat' dir='ltr'><strong>resolutae</strong></span> <span class='ocrx_word' id='word_1_212' title='bbox 638 3840 740 3903; x_wconf 77' lang='lat' dir='ltr'><strong>fallaci</strong></span> <span class='ocrx_word' id='word_1_213' title='bbox 773 3860 880 3903; x_wconf 88' lang='lat' dir='ltr'><strong>amore</strong></span> <span class='ocrx_word' id='word_1_214' title='bbox 912 3837 1015 3920; x_wconf 88' lang='lat' dir='ltr'><strong>pueri.</strong></span> <span class='ocrx_word' id='word_1_215' title='bbox 1070 3838 1159 3902; x_wconf 83' lang='lat' dir='ltr'><strong>Haec</strong></span> 
     </span>
     <span class='ocr_line' id='line_1_30' title="bbox 131 3946 1160 4036; baseline 0.005 -26"><span class='ocrx_word' id='word_1_216' title='bbox 131 3950 280 4013; x_wconf 77' lang='lat' dir='ltr'><strong>hactenus</strong></span> <span class='ocrx_word' id='word_1_217' title='bbox 295 3946 337 4031; x_wconf 88' lang='grc'><strong>*).</strong></span> <span class='ocrx_word' id='word_1_218' title='bbox 378 3951 522 4013; x_wconf 82' lang='lat' dir='ltr'><strong>Alterum</strong></span> <span class='ocrx_word' id='word_1_219' title='bbox 540 3955 734 4033; x_wconf 85' lang='lat' dir='ltr'><strong>praeclarum</strong></span> <span class='ocrx_word' id='word_1_220' title='bbox 755 3954 935 4036; x_wconf 80' lang='lat' dir='ltr'><strong>exemplum</strong></span> <span class='ocrx_word' id='word_1_221' title='bbox 956 3952 1052 4015; x_wconf 86' lang='lat' dir='ltr'><strong>lmine</strong></span> <span class='ocrx_word' id='word_1_222' title='bbox 1071 3970 1160 4015; x_wconf 82' lang='lat' dir='ltr'><strong>com·</strong></span> 
     </span>
    </p>
   </div>
   <div class='ocr_carea' id='block_1_4' title="bbox 135 4205 1232 4371">
    <p class='ocr_par' dir='ltr' id='par_1_4' title="bbox 135 4205 1232 4371">
     <span class='ocr_line' id='line_1_31' title="bbox 184 4205 1232 4278; baseline 0.01 -21"><span class='ocrx_word' id='word_1_223' title='bbox 184 4205 210 4273; x_wconf 82' lang='lat'><strong>⁸)</strong></span> <span class='ocrx_word' id='word_1_224' title='bbox 235 4207 328 4260; x_wconf 84' lang='lat' dir='ltr'><strong>Obiter</strong></span> <span class='ocrx_word' id='word_1_225' title='bbox 345 4211 450 4265; x_wconf 86' lang='lat' dir='ltr'><strong>verbum</strong></span> <span class='ocrx_word' id='word_1_226' title='bbox 476 4210 543 4265; x_wconf 83' lang='lat' dir='ltr'><strong>addo</strong></span> <span class='ocrx_word' id='word_1_227' title='bbox 562 4211 596 4264; x_wconf 85' lang='lat' dir='ltr'><strong>de</strong></span> <span class='ocrx_word' id='word_1_228' title='bbox 620 4214 715 4266; x_wconf 82' lang='lat' dir='ltr'><strong>cetaria</strong></span> <span class='ocrx_word' id='word_1_229' title='bbox 735 4212 768 4265; x_wconf 86' lang='lat' dir='ltr'><strong>ad</strong></span> <span class='ocrx_word' id='word_1_230' title='bbox 788 4208 932 4265; x_wconf 83' lang='lat' dir='ltr'><strong>Marathum</strong></span> <span class='ocrx_word' id='word_1_231' title='bbox 952 4209 1058 4277; x_wconf 74' lang='lat' dir='ltr'><strong>elegiis,</strong></span> <span class='ocrx_word' id='word_1_232' title='bbox 1085 4226 1155 4278; x_wconf 83' lang='lat' dir='ltr'><strong>quae</strong></span> <span class='ocrx_word' id='word_1_233' title='bbox 1177 4210 1184 4225; x_wconf 76' lang='lat'>⁸</span> <span class='ocrx_word' id='word_1_234' title='bbox 1229 4254 1232 4267; x_wconf 76' lang='grc'><strong>.</strong></span> 
     </span>
     <span class='ocr_line' id='line_1_32' title="bbox 135 4295 1153 4371; baseline 0.007 -26"><span class='ocrx_word' id='word_1_235' title='bbox 135 4302 162 4346; x_wconf 86' lang='lat' dir='ltr'><strong>et</strong></span> <span class='ocrx_word' id='word_1_236' title='bbox 179 4295 251 4362; x_wconf 85' lang='lat' dir='ltr'><strong>ipaac</strong></span> <span class='ocrx_word' id='word_1_237' title='bbox 272 4298 404 4365; x_wconf 79' lang='lat' dir='ltr'><strong>eleganter</strong></span> <span class='ocrx_word' id='word_1_238' title='bbox 423 4304 552 4370; x_wconf 59' lang='lat' dir='ltr'><strong>scriptam</strong></span> <span class='ocrx_word' id='word_1_239' title='bbox 581 4303 735 4371; x_wconf 73' lang='lat' dir='ltr'><strong>compositio</strong></span> <span class='ocrx_word' id='word_1_240' title='bbox 755 4301 874 4369; x_wconf 73' lang='lat' dir='ltr'><strong>simplex.</strong></span> <span class='ocrx_word' id='word_1_241' title='bbox 918 4304 1004 4368; x_wconf 77' lang='lat' dir='ltr'><strong>Atque</strong></span> <span class='ocrx_word' id='word_1_242' title='bbox 1022 4298 1048 4353; x_wconf 89' lang='lat' dir='ltr'><strong>ia</strong></span> <span class='ocrx_word' id='word_1_243' title='bbox 1067 4300 1153 4367; x_wconf 82' lang='lat' dir='ltr'><strong>elegia</strong></span> 
     </span>
    </p>
   </div>
   <div class='ocr_carea' id='block_1_5' title="bbox 0 0 1238 4838">
    <p class='ocr_par' dir='ltr' id='par_1_5' title="bbox 0 0 1238 4838">
     <span class='ocr_line' id='line_1_33' title="bbox 0 0 1238 4838; baseline 0 0"><span class='ocrx_word' id='word_1_244' title='bbox 0 0 1238 4838; x_wconf 95' lang='lat' dir='ltr'><strong> </strong></span> 
     </span>
    </p>
   </div>
  </div>
 </body>
</html>
